3825 5909
186 444 242 495 stt
657 421 732 484 xil.
759 416 958 481 ΤΟΞΑΡΙΣ
983 430 1004 475 ll
1029 412 1173 475 dliii.
1205 422 1277 473 7-
1293 420 1322 473 9.
1604 410 1781 493 (thart-stt}

184 561 296 646 γραφεύς
308 559 431 641 ίιιιίτιρον
443 558 593 637 ἀμελοῦντα
608 552 657 631 μίν
670 554 723 611 τῶν
737 550 795 611 καθ’
809 547 902 609 ίαυτδν
916 569 968 605 πο-
1012 552 1078 605 eolm
1090 552 1167 615 plotor
1178 554 1309 613 utromque
1326 548 1487 611 negligentem
1502 548 1549 599 sibi
1560 550 1680 613 oppositos
1689 551 1774 613 noem,

183 651 290 730 ispius,
304 646 466 727 ἀμυνόμενον
482 641 581 710 δδτοθς
593 638 794 723 ἐπιφερομένοις
806 635 909 718 θατίριρ
921 634 969 693 καθ
1012 640 1172 705 depellentem
1188 640 1270 689 autem
1282 638 1325 701 qui
1339 637 1470 687 irruentia
1486 636 1602 699 alterum,
1617 643 1642 688 et
1652 652 1693 702 pro
1704 635 1742 689 illo
1750 654 1782 689 oe·

183 739 236 821 πρὸ
256 737 355 797 ἐκείνου
374 738 496 795 ἀπαντᾶν
514 726 675 810 τειρόμενον
693 731 748 795 τοῖς
766 724 908 801 τοξεύμασι
922 721 970 781 καὶ
1012 742 1107 779 merere
1114 732 1246 779 tentantem
1263 725 1782 789 θεθε,οιιιίθλ1ίωτιιιιειιιειῆριαιωήςως,

183 826 247 906 παρ’
261 824 333 885 oleta
347 820 489 899 τιθέμενον,
505 820 528 876 εἰ
542 817 711 876 ἀποθανεῖται
724 813 869 881 σιύσαςτθν
884 810 969 893 φίλον,
1012 814 1785 879 modoserrotantmn,stiateutaumiuiplsgamsoooorpore
1872 900 1873 903 γ

183 914 231 973 καὶ
249 912 298 985 τὴν
318 912 360 971 ἐπ’
382 912 481 969 ἐκεῖνον
504 903 649 987 φερομένην
671 902 777 983 πληγὴν
795 896 970 983 προαρπάσας
1012 906 1081 959 velut
1090 904 1221 969 praeripiet

185 1005 222 1083 τῷ
235 1005 330 1061 ἑαυτοῦ
342 997 457 1076 σάματι.

226 1101 253 1149 7.
275 1085 333 1159 Τὴν
348 1084 380 1158 δὴ
394 1081 525 1154 τοσαύτην
539 1079 641 1140 εύνοιαν
653 1081 741 1139 αὐτῶν
753 1076 800 1137 καλ
812 1074 862 1148 τὴν
874 1078 902 1135 ἐν
915 1075 970 1140 τοῖς
1043 1092 1067 1138 7.
1084 1089 1153 1137 itane
1164 1099 1251 1150 nempe
1261 1089 1354 1137 tantm
1369 1084 1466 1137 dieram
1479 1085 1715 1149 suammet
1724 1084 1786 1136 υιιΙο·

185 1178 275 1244 δεινοῖς
288 1173 424 1236 κοινωνίαν
442 1171 489 1231 καλ
501 1169 532 1229 τδ
545 1168 639 1228 πιστὸν
652 1168 698 1227 καί
712 1166 861 1249 φιλίταιρον
879 1162 968 1223 καὶτὸ
1012 1188 1067 1225 rum
1079 1175 1286 1237 domusionem,
1295 1180 1321 1225 et
1332 1174 1419 1236 tidem,
1428 1179 1453 1225 et
1462 1174 1632 1237 socialitatem,
1641 1178 1666 1225 et
1674 1175 1786 1225 tre-itatem

185 1263 279 1337 ἀληθὲς
292 1261 339 1321 καλ
354 1261 460 1342 βίόαιον
472 1264 518 1317 τοῦ
534 1256 597 1403 πρός
611 1254 741 1327 ἀλληλους
754 1254 850 1337 ίροιτος
863 1255 911 1311 ούκ
922 1255 969 1311 ἀν-
1014 1262 1202 1327 firmitatemque
1217 1264 1306 1313 amoris
1320 1263 1413 1326 motnl;
1431 1263 1498 1325 isso,
1513 1264 1623 1327 inquam,
1638 1277 1684 1313 non
1695 1263 1787 1313 humina

185 1352 302 1435 θρώπινα
313 1356 397 1409 ταῦτα
406 1348 531 1430 ᾠήθημεν
541 1370 554 1405 ι
565 1368 621 1418 ναι,
631 1344 700 1403 ἀλλά
712 1367 779 1411 τινος
787 1341 895 1421 γνώμης
908 1342 969 1420 βελ-
1012 1365 1067 1403 esse
1079 1352 1232 1415 putarimus,
1245 1352 1288 1403 sed
1305 1350 1478 1415 prestantioris
1492 1351 1620 1413 cuiusdam
1631 1351 1713 1411 enini,
1723 1364 1787 1413 qaam

184 1440 267 1507 τίονος
279 1437 298 1511 θ
312 1437 382 1497 κατά
393 1436 453 1506 τοθς
464 1432 578 1501 πολλοθς
588 1431 696 1499 τούτους
709 1428 872 1512 ἀνθρώπως,
883 1426 909 1486 οἳ
920 1426 969 1505 μί-
1012 1444 1051 1490 est
1060 1440 1084 1490 ln
1094 1440 1214 1503 plerisque
1220 1440 1259 1490 his
1270 1438 1420 1501 hominibus,
1429 1440 1486 1503 qui,
1498 1440 1557 1489 dum
1569 1438 1689 1490 secundus
1698 1444 1733 1489 est
1741 1452 1788 1489 our·

184 1548 229 1609 γρι
237 1526 285 1604 μὲν
292 1527 351 1586 κατ’
357 1520 432 1607 οὖρον
440 1525 543 1589 δπλοῧς
552 1520 609 1595 είη,
617 1521 671 1586 τοῖς
678 1519 762 1600 φιλοις
773 1521 965 1598 ἀγανακτοῦσιν
1013 1542 1069 1591 sus,
1080 1528 1235 1591 indignantur
1246 1529 1328 1579 amicis
1342 1529 1364 1579 si
1375 1542 1423 1578 non
1435 1528 1460 1579 in
1471 1542 1566 1593 mquam
1577 1529 1732 1592 jucundorum
1743 1540 1788 1591 pp.

184 1619 207 1674 εί
219 1614 256 1694 μὴ
269 1614 309 1673 ἐπ’
318 1612 377 1686 ἴσης
388 1609 576 1681 κοινωνησουσι
586 1612 638 1667 τῶν
650 1606 744 1679 ἡδέων,
755 1609 778 1664 εἴ
790 1604 818 1673 δι’
830 1628 856 1662 τι
865 1603 911 1673 καλ
923 1626 969 1682 pt·
1013 1621 1062 1665 tem
1072 1618 1184 1679 νουθετεῖς
1196 1617 1217 1667 si
1229 1630 1287 1667 vero
1302 1616 1341 1667 vel
1352 1616 1459 1681 paullum
1475 1616 1591 1680 quiddam
1603 1616 1650 1667 illis
1666 1616 1788 1675 reflaverit,

184 1702 246 1784 κρδν
258 1701 416 1780 ἀντιπνεόοῃ
430 1702 531 1771 αὐτοῖς,
544 1696 661 1777 οίχονται
673 1696 767 1772 μόνους
777 1695 832 1761 τοῖς
842 1690 969 1759 κινδύνοις
1014 1705 1078 1755 ilicet
1089 1705 1191 1767 abeunt,
1204 1706 1268 1757 solos
1278 1705 1390 1769 perieulis
1405 1704 1577 1769 relinquentes.
1613 1704 1705 1755 Etenim
1714 1708 1740 1753 ot
1749 1703 1789 1753 loo

184 1790 364 1857 ἀπολιπόντες.
406 1787 461 1849 Καὶ
472 1786 524 1869 γάρ
535 1777 579 1845 ούν
591 1785 638 1845 καί
648 1784 709 1843 τόδε
716 1782 790 1851 ὅπως
799 1784 883 1862 εἰδῇς,
894 1778 968 1840 οὐδέν
1014 1794 1087 1843 etiem
1099 1794 1175 1857 seius,
1192 1794 1252 1843 nihil
1266 1794 1362 1857 mylae
1373 1794 1479 1845 amicitis
1493 1793 1571 1855 majus
1585 1808 1640 1844 esse
1651 1792 1788 1851 existiman

187 1878 288 1940 Σκύθαι
300 1877 387 1959 φιλίας
399 1880 487 1954 μεῖζον
504 1873 603 1934 οἴονται
614 1864 693 1944 εἶναι,
705 1870 764 1930 οὐδὲ
775 1870 846 1929 ἔστιν
858 1870 898 1951 ἐφ’
916 1868 969 1949 drop
1012 1895 1090 1944 neque
1100 1889 1137 1933 est
1153 1884 1179 1933 lu
1194 1896 1243 1946 quo
1259 1882 1348 1945 εογθιε
1363 1883 1439 1945 magis
1457 1881 1787 1947 animumanimumum

185 1966 217 2026 οῖν
228 1992 267 2034 τις
281 1965 386 2037 Σκύθης
400 1965 502 2043 μᾶλλον
517 1960 674 2040 σεμνύναιτο
687 1959 705 2031 ἢ
719 1959 765 2018 ἐπὶ
778 1963 816 2039 τῷ
830 1961 970 2035 eutimii·
1013 1970 1092 2021 amieo
1103 1971 1211 2022 labomre
1226 1970 1261 2021 illi
1273 1972 1409 2034 oontinget,
1421 1976 1446 2021 et
1457 1971 1482 2021 ln
1498 1972 1637 2021 societatem
1648 1970 1788 2021 adversmam

183 2078 228 2115 σαι
241 2054 309 2137 φίλῳ
318 2053 392 2135 ἀνδρὶ
401 2052 451 2111 καὶ.
458 2054 616 2122 κοινωνῆσαι
625 2051 677 2107 τῶν
689 2049 788 2119 δεινῶν,
799 2044 888 2127 ὥσπερ
896 2044 970 2105 οὐδὲν
1013 2058 1078 2107 illius
1090 2059 1172 2109 venire
1186 2074 1192 2107 :
1204 2058 1410 2121 quemadmodum
1422 2059 1500 2121 maius
1511 2060 1607 2109 nullum
1618 2058 1679 2123 apud
1690 2066 1733 2109 nos
1743 2068 1789 2119 pro

183 2144 279 2210 ὄνειδος
288 2166 332 2217 μει
347 2141 445 2223 ονπαρ’
456 2141 571 2219 ἡμῖντοθ
580 2135 711 2219 προδότην
718 2135 805 2218 φιλίας
813 2138 970 2213 γεγενῆσθαι
1014 2146 1545 2210 brum‚qoamsiquisprodidisseun1ieitiam
1553 2146 1671 2199 videatur.
1701 2148 1790 2209 Propter

183 2232 278 2289 δοκεῖν.
319 2226 372 2289 Διά
384 2233 469 2287 ταῦτα
485 2223 615 2307 Ὀρέστην
633 2224 679 2283 καὶ
695 2223 822 2294 Πυλάδην
835 2225 968 2299 τιμῶμεν,
1013 2233 1065 2283 limo
1085 2237 1186 2285 Oresten
1207 2234 1353 2285 honoremus
1376 2239 1401 2285 et
1429 2235 1548 2297 Pyladen,
1576 2236 1621 2299 qni
1645 2230 1789 2298 presdterim

183 2318 304 2399 ἀρίστους
320 2313 476 2395 γενομένους
494 2312 529 2373 τά
548 2315 657 2372 Σκυθῶν
677 2310 765 2390 ipati
782 2310 829 2369 καὶ
847 2313 874 2369 ἐν
892 2308 968 2389 φιλία
1012 2321 1155 2383 Soytlrarum
1168 2321 1252 2382 bonis,
1264 2326 1288 2371 et
1302 2322 1326 2371 iu
1335 2322 1440 2371 eoncilia
1453 2322 1610 2383 eminuerint,
1624 2321 1688 2386 quod
1697 2320 1789 2385 primum

183 2403 374 2484 διενεγκόντας,
388 2401 403 2461 θ
424 2404 528 2482 πρῶτον
549 2404 626 2479 ἡμεῖς
645 2400 770 2459 ἁπάντων
789 2396 968 2474 θαυμάζομεν,
1012 2408 1119 2459 omnium
1131 2409 1278 2459 admiremur
1291 2424 1298 2458 ε
1310 2414 1383 2473 atque
1394 2424 1480 2461 nomen
1491 2412 1565 2462 etlam
1574 2414 1700 2475 propterea
1706 2410 1749 2459 illis
1754 2422 1789 2471 po

183 2493 229 2551 καί
251 2492 367 2569 τοῦνομα
386 2489 431 2549 ἐπὶ
448 2488 548 2557 τούτοις
571 2491 657 2548 αὐτῶν
682 2489 809 2566 ἐθέμεθα,
833 2484 970 2566 Κοράκους
1012 2497 1120 2559 suimus,
1133 2502 1160 2547 ut
1172 2500 1276 2548 corneos
1289 2499 1477 2561 ιρρεΙΙτνειιιιιες
1490 2498 1515 2549 id
1526 2502 1609 2549 tutem
1620 2500 1658 2550 eet
1668 2502 1743 2549 nostre
1752 2495 1789 2547 lin·

157 2576 161 2585 '
183 2581 335 2650 καλεῖσθαι,
348 2582 425 2636 τοῦτο
439 2575 467 2635 δέ
484 2578 555 2635 ἐστιν
571 2577 598 2634 ἐν
612 2579 646 2655 τῇ
660 2568 778 2656 ήμεέέρφ
792 2576 865 2654 φωνῇ
879 2570 970 2652 ὥσπερ
1012 2597 1073 2645 gne,
1083 2590 1110 2635 ut
1119 2586 1140 2634 si
1149 2585 1227 2649 quis«
1240 2585 1355 2649 presides
1366 2586 1479 2637 ernioitiae
1489 2586 1571 2649 genios
1583 2606 1596 2631 ν
1607 2586 1677 2637 dieat

184 2660 215 2725 ἀν
226 2666 251 2725 εί
259 2691 298 2733 τις
308 2664 397 2743 λέγοι,
430 2663 490 2723 ίλιοι
500 2662 630 2741 δαίμονες.

224 2766 253 2817 8.
275 2756 393 2815 ΜΝΗΣ.
409 2687 573 2833 zwetel,
584 2753 614 2810 οὐ
627 2749 704 2829 μόνον
716 2750 768 2831 άρα
779 2747 890 2818 τοξεύειν
903 2750 970 2826 ἀγα·
1043 2765 1067 2809 8.
1084 2763 1175 2812 MNES.
1191 2761 1324 2825 igituraon
1338 2762 1431 2825 sagittis
1438 2763 1525 2824 modo,
1537 2760 1790 2824 Toxsri,bonlltieront

184 2841 222 2899 tot
233 2834 301 2913 ἦσαν
313 2838 415 2901 Σκύθαι
427 2838 473 2897 καὶ
483 2837 517 2896 τδι
528 2837 662 2915 πολεμικά
673 2842 725 2895 τῶν
737 2837 825 2896 ἀλλων
838 2834 969 2913 ἀμείνους,
1012 2847 1123 2911 soytlroe,
1136 2850 1161 2899 et
1170 2850 1242 2899 rebus
1254 2850 1346 2900 bellicis
1357 2853 1536 2915 prestantiores
1547 2850 1620 2913 aliis,
1631 2862 1713 2899 verum
1722 2848 1786 2898 ellim

183 2929 255 2988 άλλά
270 2928 316 2987 καί
335 2933 410 3008 ῥῆσιν
422 2930 505 2985 εἰπεῖν
524 2924 648 2984 ἁπάντων
658 2924 845 2985 πιθανώτατοι.
889 2920 969 3001 Ἐμοὶ
1011 2935 1145 2988 indicendo
1153 2938 1372 2987 mnsuneomninm
1381 2938 1525 3001 probabiles.
1559 2934 1788 3003 ltiliiquidem‚sli·
1884 2964 1885 2973 r

183 3022 246 3096 γοῦν
255 3015 319 3083 τέως
327 3012 646 3092 άλλωςγιγνύσιιοντιῆθη
654 3014 700 3073 καλ
710 3016 781 3094 αύτῷ
788 3012 877 3071 δίκαια
884 3016 968 3071 ποιεῖν
1011 3026 1048 3074 ter
1058 3024 1089 3073 ed
1101 3025 1165 3075 hians
1176 3026 1239 3075 diem
1256 3026 1382 3086 sentienti,
1399 3026 1449 3088 jam
1465 3028 1490 3076 et
1505 3026 1551 3090 ipsi
1567 3031 1635 3077 reete
1648 3026 1722 3079 dcere
1738 3021 1791 3077 title

183 3105 284 3161 δοκεῖτε
305 3102 386 3169 οὕτως
408 3100 538 3182 Ὀρέστην
558 3100 604 3159 καλ
628 3102 756 3173 Πυλάδην
778 3100 967 3168 ἐκθειάσαντες.
1011 3111 1084 3173 mini,
1101 3126 1176 3177 quum
1196 3113 1284 3164 divinis
1299 3114 1361 3165 adeo
1380 3114 1511 3170 honoribus
1530 3118 1635 3168 Oresten
1651 3116 1791 3180 l’yladeuqoe

182 3190 335 3260 Ἐλελήθεις
346 3188 375 3248 δέ
391 3213 442 3268 με,
456 3179 479 3248 όν
497 3197 614 3267 γενναῖε,
625 3190 671 3248 καὶ
686 3188 799 3271 γραφεθς
813 3188 910 3268 ἀγαθὸς
920 3187 967 3249 ὤν.
1011 3200 1115 3249 efficitis.
1148 3202 1195 3252 sed
1215 3202 1366 3265 nesciebam,
1379 3204 1417 3253 vir
1435 3204 1540 3268 optime,
1558 3208 1583 3256 te
1602 3208 1715 3270 pictorem
1725 3204 1790 3255 etiam

183 3279 260 3340 Πάνυ
271 3284 333 3357 γοῦν
342 3280 457 3359 ἐναργῶς
468 3276 599 3347 ἐπέδειξας
608 3282 672 3354 ἡμῖν
684 3275 731 3344 τδς
740 3275 968 3358 ἐντῷὈρεστείῳ
1011 3288 1099 3337 bonum
1115 3302 1177 3341 esse.
1208 3290 1368 3341 lucidissime
1384 3292 1448 3342 euim
1462 3292 1616 3356 nobis',quse
1633 3294 1724 3345 suntin
1739 3294 1790 3341 ore·

182 3365 283 3433 εὶκόνας
294 3365 338 3424 καί
349 3364 398 3437 τὴν
411 3364 502 3445 μάχην
516 3369 568 3423 τῶν
583 3366 684 3447 ἀνδρῶν
699 3363 745 3422 κοιλ
759 3362 792 3421 τὰ
806 3362 969 3444 ύιτέρ-ἀλλή-
1011 3380 1078 3438 steo,
1088 3376 1204 3439 imagines
1213 3378 1355 3441 ostendisti,
1370 3385 1395 3430 et
1406 3394 1510 3443 pugnam
1523 3382 1647 3443 virorum,
1659 3388 1684 3433 et
1693 3394 1744 3445 qim
1753 3392 1791 3443 pro

181 3458 234 3514 λων
248 3452 398 3536 τραύματα.
441 3452 518 3525 Πλὴν
534 3455 592 3512 ἀλλ’
607 3456 655 3513 οὐκ
669 3452 758 3531 ᾠήθην
774 3450 806 3509 ἄν
821 3451 968 3511 trossellus)
1010 3465 1151 3515 seinvicem
1163 3479 1277 3530 excepere
1289 3468 1396 3517 vulnera.
1430 3470 1579 3520 Vernmlioc
1592 3483 1714 3533 nonquam
1730 3471 1791 3532 puta·

181 3542 406 3626 περισπούδαστον
420 3533 488 3601 εῖναι
501 3540 590 3624 φιλίαν
606 3544 632 3600 ἐν
647 3539 775 3608 Σκύθαις·
789 3540 836 3599 ἅτε
847 3540 898 3621 γάρ
914 3540 969 3609 ἀξέ-
1010 3564 1077 3613 mm,
1089 3552 1122 3603 ite
1134 3554 1241 3605 studiose
1257 3554 1303 3605 ooli
1318 3556 1380 3606 inter
1393 3556 1497 3619 Scythas
1513 3558 1660 3620 amicitiam,
1671 3558 1754 3621 quippe
1768 3557 1792 3603 ut

182 3654 241 3698 νους
258 3630 304 3689 καί
320 3629 424 3711 ἀγρίους
437 3630 515 3697 ὄντας
526 3628 620 3698 αὐτούς
635 3628 716 3711 ἔχθρρ
731 3626 780 3706 μέν
794 3629 836 3687 ἀεὶ
851 3631 968 3687 συνεῖναι
1010 3640 1166 3704 inhospitales
1178 3648 1202 3693 et
1219 3649 1325 3705 agrestes
1342 3644 1365 3693 in
1385 3644 1516 3695 inimicitiis
1532 3659 1629 3710 seraper
1643 3646 1729 3697 versari
1745 3643 1792 3693 iles

181 3719 227 3779 καί
240 3721 305 3801 ἀργῇ
319 3719 365 3777 καὶ
381 3723 473 3799 θυμῷ,
487 3719 576 3800 φιλίαν
595 3719 623 3777 δὲ
638 3716 706 3796 μηδὲ
719 3717 785 3798 πρὸς
798 3716 857 3783 τοθς
870 3718 967 3776 οἷκειο-
1009 3728 1150 3792 arbitrabar,
1162 3732 1188 3780 ei
1199 3732 1246 3793 im,
1257 3736 1281 3781 et
1290 3732 1500 3794 exmndesooutia3
1511 3734 1643 3785 amicitiam
1656 3747 1711 3785 roro
1721 3744 1792 3794 neque

180 3806 274 3873 τάτους
295 3808 507 3887 ἐπαναιρεῖσθαι,
530 3804 736 3888 τεκμαιρόμενος
755 3809 809 3872 τοῖς
831 3828 860 3863 τε
879 3804 968 3873 ἄλλοις
1009 3816 1071 3866 inter
1084 3820 1295 3880 oonjuootissimos
1307 3821 1411 3885 suseipi;
1424 3822 1538 3884 colligans
1548 3822 1597 3871 ists
1609 3828 1688 3875 tome
1702 3820 1793 3883 reliquis

181 3900 199 3958 ἀ
214 3899 275 3982 περὶ
289 3902 375 3959 αὐτῶν
391 3897 530 3978 ἀκούομεν,
544 3899 644 3959 καθότι
658 3899 826 3960 κατεσθίουσι
839 3899 898 3967 τοὺς
912 3923 967 3959 τια-
1009 3918 1065 3967 quse
1077 3906 1108 3955 de
1119 3907 1149 3956 its
1160 3908 1287 3971 eudimus,
1298 3913 1350 3959 tum
1360 3909 1416 3960 inde
1426 3945 1434 3972 ,
1445 3910 1510 3973 quod
1524 3914 1638 3974 parentes
1657 3907 1792 3961 mortuosin

180 3984 258 4069 τέρας
271 3986 457 4055 ἀποθανόντας.
1009 3993 1064 4043 elbo
1076 3994 1174 4044 liabent.

221 4086 249 4136 9.
266 4075 353 4135 ΤΟΞ.
377 4078 410 4134 El
422 4075 470 4153 μὲν
484 4076 529 4134 καὶ
543 4077 577 4134 τά
590 4076 659 4135 ἄλλα
673 4078 750 4153 ἡμεῖς
763 4079 815 4134 τῶν
828 4074 965 4147 Ἑλλήνων
1040 4086 1064 4131 9.
1082 4085 1156 4134 Toli.
1174 4086 1260 4134 Utrum
1272 4087 1297 4133 ln
1306 4085 1404 4149 reliquis
1414 4086 1540 4137 etiamnos
1550 4092 1574 4137 et
1583 4086 1699 4149 justiores
1710 4086 1791 4136 adrer-

179 4164 226 4223 καὶ
246 4161 401 4242 δικαιότεροι
422 4162 457 4221 τὰ
483 4162 548 4244 πρὸς
566 4161 626 4230 τοθς
649 4164 740 4243 γονίας
762 4161 807 4220 καί
832 4161 967 4243 θσιόντεροι
1009 4186 1064 4225 sum
1076 4182 1187 4238 parentes
1198 4179 1288 4227 Graecis
1302 4183 1326 4228 et
1345 4178 1504 4241 religiosiores
1515 4180 1592 4229 simus
1602 4217 1609 4243 ,
1619 4182 1651 4231 de
1661 4194 1691 4231 eo
1702 4180 1725 4231 in
1736 4188 1792 4241 prro·

180 4252 269 4331 ἐσμὲν,
290 4254 336 4311 ούκ
351 4250 382 4309 ἂν
397 4253 424 4310 ἐν
438 4258 477 4335 τῷ
498 4251 610 4333 παρόντι
623 4250 820 4333 φιλοτιμηθείην
841 4250 905 4331 πρὸς
926 4250 966 4309 σε’·
1009 4270 1071 4320 genti
1084 4275 1162 4320 recum
1174 4284 1221 4321 non
1233 4273 1415 4323 contenderim:
1431 4274 1521 4324 amicos
1538 4286 1596 4325 vero
1608 4274 1709 4339 scythas
1722 4270 1792 4321 multo

179 4340 219 4399 ὅτι
240 4338 268 4401 δέ
281 4343 305 4399 οί
319 4339 390 4423 φίλοι
405 4340 505 4401 Σκύθαι
521 4340 588 4400 πολὺ
603 4339 752 4421 πιστότεροι
763 4342 815 4398 τῶν
828 4338 966 4441 Ἑλλήνων
1009 4364 1101 4415 04aech
1112 4366 1195 4416 amicis
1210 4366 1328 4417 fideliores
1341 4382 1407 4430 w,
1423 4374 1447 4419 ,γ
1463 4369 1577 4431 Μυκη,
1597 4370 1711 4420 „niem
1725 4366 1791 4415 fago.

179 4430 262 4509 φίλων
277 4427 328 4487 εἶσὶ
346 4429 391 4486 καὶ
408 4429 448 4487 ὅτι
470 4428 568 4488 πλείων
580 4428 668 4512 φιλίας
690 4428 766 4507 λόγος
783 4426 847 4509 παρ’
860 4432 924 4504 ἡμῖν
948 4426 965 4497 θ
1008 4472 1064 4507 nem
1081 4459 1144 4508 inter·
1155 4474 1200 4509 nos
1211 4460 1293 4509 haberi
1305 4474 1378 4525 quern
1390 4461 1454 4525 apud
1466 4475 1524 4524 ros,
1542 4463 1708 4513 demonstratu
1725 4458 1788 4509 tuelle

102 4554 107 4563 .
177 4518 241 4598 παρ’
254 4520 327 4595 ύμῖν,
341 4516 429 4599 ῥηίδιον
439 4518 575 4587 ἐπιδεῖξαι·
588 4517 633 4576 καὶ
645 4516 710 4596 πρὸς
723 4519 789 4575 θεῶν
801 4519 853 4573 τῶν
866 4514 966 4585 Ἑλλή-
1008 4556 1046 4604 est
1086 4558 1118 4604 Et
1145 4560 1278 4619 Wegow
1297 4560 1437 4608 mmmmm
1449 4558 1508 4608 deos
1524 4571 1567 4608 om
1599 4572 1631 4607 ne
1647 4558 1746 4607 moleste
1757 4565 1792 4602 me

177 4628 229 4665 νων
243 4604 281 4683 μὴ
302 4605 367 4686 πρὸς
388 4604 520 4684 ἀχθηδόνα
542 4628 592 4684 μου
616 4602 742 4683 ἀκούσῃς’
761 4601 794 4673 ἣν
808 4602 875 4661 εἴπω
888 4626 915 4661 ³⁸
928 4593 966 4660 ὧν
1008 4592 1093 4703 audias
1123 4590 1145 4700 ’si
1174 4652 1216 4701 uid
1229 4665 1314 4702 eorum
1330 4652 1372 4701 dir
1434 4690 1437 4699 ,
1573 4594 1580 4620 ,
1678 4650 1792 4701 deinter

177 4691 358 4765 κατανενόηκα
377 4692 461 4753 πολθν
481 4693 533 4765 ἤδη
554 4692 647 4774 χρόνον
670 4696 731 4770 ύμῖν
755 4688 967 4769 ουγγιγνόμινος.
1102 4687 1109 4713 ’
1157 4666 1173 4715 q
1373 4667 1427 4717 ω’
1445 4667 1516 4717 quae'
1536 4656 1666 4717 mmmm

178 4781 271 4861 Ὑμεῖς
285 4780 337 4863 γάρ
359 4804 404 4858 μοι
427 4783 526 4841 δοκεῖτε
539 4780 598 4848 τοὺς
614 4780 662 4857 μὲν
685 4777 744 4863 περὶ
765 4778 853 4861 φιλίας
874 4778 966 4856 λόγους

178 4870 285 4948 άμεινον
299 4870 387 4929 ἄλλων
402 4868 434 4927 ἃν
449 4871 531 4929 εἰπεῖν
546 4868 690 4941 δύνασθαι,
701 4866 787 4949 τάργα
800 4866 827 4926 δέ

178 4957 256 5037 μόνον
287 4960 317 5017 οὗ
344 4956 403 5016 uar’
428 4956 502 5025 ἄγραν
526 4960 579 5016 τῶν
612 4946 697 5035 λόγωγ
728 4957 881 5031 ἐκμελετᾶν,
906 4955 965 5013 ἀλλ’
1008 4939 1636 5002 nontantumoooprodigniuroiltommrerbomm
1645 4932 1792 4989 meditariet·

178 5044 282 5127 ἀπόχρη
306 5046 368 5123 ὑμῖν
394 5044 530 5105 ἐπαινέσαι
558 5054 587 5104 τε
616 5042 698 5116 αὐτὴν
724 5042 771 5102 καὶ
795 5041 877 5111 δεῖξαι
903 5043 965 5114 ἡλί-
1008 5048 1055 5098 (1⁰0
1067 5034 1345 5093 θῐθῐθθῐθνῦθθθθίῧθίί
1356 5034 1425 5084 θθθῑῦ
1435 5032 1669 5091 ίθθθθὸθθθίθῧνθῑ
1680 5030 1792 5094 quantum

179 5154 223 5191 κον
255 5132 352 5211 ἀγαθόν
379 5136 458 5194 ἐστιν·
489 5137 515 5193 ἐν
545 5132 573 5192 δὲ
604 5137 662 5200 ταῖς
698 5130 802 5213 χρείαις
825 5130 964 5213 προδόντες
1008 5132 1039 5183 sit
1051 5132 1139 5183 bonum
1151 5132 1385 5195 ostendisse;quum
1393 5136 1475 5183 autom
1485 5124 1792 5195 opusooesr,proditora⁸

179 5218 236 5287 τυθς
253 5219 345 5300 λόγους
357 5220 529 5301 δραπετεύετε
543 5224 591 5281 οὐκ
604 5212 652 5280 οἶδ’
664 5219 736 5286 ὅπως
752 5222 782 5279 ἐκ
802 5218 891 5299 μίσιον
911 5223 963 5279 τῶν
1008 5228 1122 5279 orationis
1130 5232 1228 5289 vestrm,
1239 5228 1320 5279 neseio
1331 5226 1452 5292 quomodo
1461 5226 1580 5277 nedisex
1592 5220 1791 5285 opeributtffl·

1009 4764 1053 4802 vos
1071 4766 1164 4815 versor,
1187 4754 1323 4804 observavi.
1357 4758 1408 4805 Vos
1427 4754 1491 4805 enim
1510 4754 1569 4805 mihi
1588 4753 1705 4805 videmini
1723 4748 1791 4801 verite

842 4868 923 4939 αὐτῆς
935 4869 964 4925 οὔ
1008 4846 1106 4908 quidem
1114 4847 1144 4897 de
1155 4847 1260 4897 amicitia
1270 4848 1355 4899 melius
1364 4848 1417 4898 eliis
1428 4861 1500 4911 posse
1512 4849 1600 4907 [ουτως
1612 4842 1638 4899 ai
1647 4859 1720 4909 opem
1731 4844 1803 4905 illios,

1867 316 1869 351 l
