3825 5909
149 408 340 493 (II‚sra,sra)
546 408 634 469 XLI.
661 406 858 470 Toxunls
884 424 939 468 sun
966 406 1187 469 AMICITIA.
1217 415 1331 483 10,11.
1697 422 1754 475 425

147 538 240 621 ίργυιν.
280 535 337 602 Καὶ
356 532 454 595 ὁπόταν
477 536 580 613 ύμῖνόί
593 535 723 618 τραγῳδοί
741 534 788 604 τίς
810 535 932 605 τοιαύτας
972 544 1065 607 rugios.
1095 544 1421 610 napumdorounrragedi
1433 545 1649 599 taioeamidttasin
1660 561 1757 601 menam

145 627 235 711 φιλίας
245 623 290 684 ἐπί
298 622 346 695 τὴν
358 622 459 695 σκηνὴν
467 622 675 691 ἀναὸιύάσαντες
684 624 843 696 δεικνύωσιν,
855 626 930 683 ἔπαι-
973 632 1103 695 productas
1114 633 1259 695 ostendunt,
1276 633 1381 685 laudatis
1388 635 1414 685 et
1427 633 1557 699 plauditis,
1571 636 1665 700 illisque
1676 651 1720 701 pro
1730 650 1758 689 se

146 723 213 774 νεῖτε
234 715 281 773 καί
296 712 457 794 ἐπικροτεῖτε
477 710 524 770 καί
542 710 733 771 κινδυνεύουσιν
755 714 843 779 αὐτοῖς
865 712 931 794 ὑπὲρ
973 720 1077 771 invicem
1093 720 1281 785 pededentibus
1297 722 1404 787 plerique
1412 724 1485 774 ctiam
1496 724 1671 775 illacrimamiut
1688 740 1695 775 :
1711 726 1757 789 ipsi

145 802 270 874 ἀλλήλων
292 798 428 859 οίπολλοί
450 797 496 857 καὶ
515 798 699 880 ἐπιδακρύετε,
719 798 794 859 αὐτοὶ
815 798 842 859 δὲ
858 799 931 859 οὐδὲν
974 822 1032 859 vero
1046 808 1106 857 nihii
1117 808 1188 859 tande
1200 808 1300 872 dignum
1316 814 1431 873 prestare
1441 824 1487 874 pro
1497 812 1581 861 amicis
1590 812 1699 875 audetis;
1714 812 1758 863 sed

144 889 217 959 άξιον
239 888 346 949 ἐπαίνου
367 886 434 968 ὑπὲρ
452 888 505 945 τῶν
523 886 606 968 φίλων
623 886 786 970 παρέχεσθαι
805 888 930 967 τολμᾶτε,
974 895 1051 958 siqua
1062 896 1201 958 reindigeat
1212 896 1275 947 torte
1285 896 1392 957 amicus,
1404 896 1757 963 subito,re1ntinsemnia‚an·

145 980 205 1038 ἀλλ’
223 979 256 1051 ἤν
276 1000 322 1037 τοι
342 974 416 1052 φίλος
429 973 528 1046 δεηθείς
547 974 630 1055 τύχη,
647 974 742 1035 αὐτίκα
754 975 828 1053 μάλα
841 976 930 1057 ὡσπερ
973 983 1067 1046 ingiqu
1080 984 1304 1047 rebmavotantque
1316 982 1442 1046 evestigio
1457 984 1540 1033 multae
1554 984 1602 1035 iliae
1615 986 1755 1048 tragediae,

144 1070 179 1126 τά
196 1065 317 1148 ὀνείρατα
334 1063 452 1144 οἴχονται
474 1066 535 1139 ύμῖν
552 1061 671 1123 ἐκποδὼν
695 1064 881 1141 ἀποπτάμεναι
902 1066 930 1121 αἱ
973 1070 1131 1135 manibusque
1144 1071 1182 1121 luis
1193 1075 1218 1121 et
1234 1072 1309 1121 mutia
1319 1072 1427 1134 personis
1442 1071 1533 1121 similes
1547 1084 1591 1121 vos
1608 1072 1757 1134 destituam,

143 1155 242 1215 πολλαί
257 1156 355 1213 ἐκεῖναι
367 1150 527 1233 τραγῳδίαι,
539 1159 591 1219 τοῖς
604 1152 686 1219 κενοῖς
700 1150 801 1219 τούτοις
814 1150 861 1211 καί
874 1174 930 1210 κω-
972 1172 1028 1222 quae
1043 1158 1142 1209 diducta
1158 1158 1219 1209 rietn
1232 1163 1258 1209 et
1273 1160 1377 1208 immane
1394 1163 1513 1221 quantum
1531 1158 1624 1210 hiantes
1642 1174 1673 1210 ne
1688 1162 1756 1211 mini·

144 1251 201 1325 φοῖς
213 1238 388 1324 προσωπείοις
403 1236 521 1307 ἐοικότας
535 1243 603 1317 ὑμᾶς
617 1240 809 1311 ἀπολιποῦσαι,
823 1238 930 1319 θδιηρ-
972 1260 1039 1297 mum
1048 1245 1146 1309 quidem
1157 1259 1243 1295 sonum
1254 1245 1338 1295 edunt.
1371 1248 1421 1297 Nos
1429 1248 1512 1297 eontra
1521 1259 1564 1308 ea,
1576 1252 1758 1311 quantumcum-

144 1329 213 1408 μένα
224 1328 255 1387 τὸ
269 1325 356 1405 στόμα
371 1326 417 1385 καί
431 1326 599 1406 παμμέγεθες
610 1327 743 1407 κεχηνύτα
757 1327 815 1387 οὐδὲ
827 1325 857 1385 τὸ
868 1349 930 1403 σμι-
972 1348 1019 1396 que
1028 1333 1232 1398 disputationibus
1244 1334 1275 1385 de
1286 1334 1392 1383 andeitia
1403 1334 1518 1384 habendis
1526 1334 1651 1386 interiores
1659 1349 1758 1399 sumus,

146 1416 273 1497 κρότατον
293 1412 441 1493 φθέγγεται·
462 1415 539 1493 ἡμεῖς
557 1412 584 1473 δὲ
603 1412 727 1492 ἔμπαλιν·
751 1412 805 1494 ύαῳ
824 1411 876 1494 γάρ
896 1411 929 1485 δὴ
974 1426 1066 1474 tanturn
1077 1422 1292 1486 inoperihusquae
1304 1422 1345 1473 iila
1355 1422 1458 1486 imperat
1467 1426 1620 1487 prestamus.

144 1502 290 1581 λειπόμεθα
304 1505 331 1561 ἐν
348 1500 476 1583 τοῖςπερὶ
490 1501 578 1585 φιλίας
590 1500 689 1582 λόγοις,
705 1501 822 1582 τοσούτῳ
836 1503 864 1559 όν
876 1504 930 1568 τοῖς

145 1592 229 1674 ἔργοις
240 1594 322 1663 αὐτῆς
335 1593 553 1667 πλεονεκτοῦμεν.
600 1614 611 1633 ·

189 1692 235 1742 10.
256 1679 293 1741 Εἴ
309 1679 333 1759 γ’
348 1670 393 1739 σύν
410 1679 493 1752 δοκεῖ,
513 1677 581 1738 ούτω
596 1683 642 1737 νύν
660 1680 787 1758 ποιῶμεν,
804 1676 863 1745 τοὺς
881 1677 929 1756 μίν
1006 1696 1042 1741 ιο.
1060 1690 1417 1753 Quare‚sividetar,itanunc
1428 1704 1535 1755 mamus.
1567 1692 1685 1757 Antiquos
1699 1695 1757 1745 amt—

144 1768 274 1837 παλαιούς
285 1768 374 1849 φίλους
388 1770 509 1849 ἀτρεμεῖν
522 1765 654 1845 ἐάσωμεν,
669 1765 694 1825 εί
704 1790 776 1833 τινας
789 1765 806 1838 ἢ
820 1768 898 1844 ἡμεῖς
911 1764 929 1838 ἦ
971 1779 1757 1845 οοερειίευιυτηυὶεεοετε,ε1ηυοευυιυοε,ευινοεθεριίεοο

145 1861 220 1935 ὑμεῖς
232 1861 284 1915 τῶν
294 1854 380 1915 πάλαι
393 1858 564 1935 καταριθμεῖν
583 1853 678 1935 ἔχομεν
694 1889 733 1901 -
746 1854 806 1913 ἐπεὶ
819 1854 889 1913 κατά
900 1879 930 1933 γε
971 1881 1026 1917 aere
1036 1881 1193 1919 annumerare
1203 1868 1324 1930 possimus
1333 1884 1339 1917 :
1349 1880 1405 1917 narn
1415 1869 1461 1919 trae
1471 1868 1571 1933 quidem
1580 1872 1648 1931 parte
1661 1881 1706 1919 ros
1717 1871 1753 1919 ri·

144 1941 618 2037 τούτοπλεονεκτοῖτεδινπολλοθςκαί
626 1941 789 2011 ἀξιοπίστους
797 1942 930 2024 μάρτυρας
971 1955 1167 2017 οετὶίίε,τοινίίοτ
1175 1955 1503 2018 cosqnedignosfidetestes
1511 1955 1596 2007 dantes
1605 1957 1757 2020 poetas,qni

143 2034 204 2103 τοὺς
210 2031 320 2105 ποιητάς
326 2031 512 2113 παρεχόμενοι,
518 2030 566 2103 πλν
574 2030 713 2111 Ἀχιλλέως
719 2030 765 2090 καί
773 2030 929 2114 Πατρόκλου
971 2044 1073 2094 Achillis
1092 2049 1117 2094 et
1132 2044 1234 2093 Patrocli
1252 2044 1394 2106 arnioitiam,
1410 2049 1434 2093 et
1453 2045 1540 2095 Thesei
1553 2048 1626 2109 atque
1641 2044 1756 2107 Pirithoi,

144 2122 233 2205 φιλίαν
242 2121 288 2181 καί
296 2118 514 2192 τὴνΘηοίωςκαὶ
522 2119 697 2201 Πειρίθουκαί
706 2125 758 2179 τῶν
768 2120 930 2179 άλλωνὸται·
971 2132 1166 2196 redqnorumqne
1175 2132 1312 2183 sedditinur
1321 2132 1488 2195 pulcherrimis
1497 2132 1608 2182 versibus
1617 2134 1757 2183 etnnmeris

145 2208 217 2291 ρείαν
226 2212 254 2267 ἐν
267 2207 417 2275 καλλίστοις
431 2206 506 2267 ἔπεσι
519 2207 565 2266 καί
580 2206 684 2290 μέτροις
695 2210 879 2290 ῥαψῳδοῦντας
891 2242 930 2254 -
971 2223 1072 2269 canam:
1090 2218 1133 2269 sed
1148 2230 1237 2281 pancos
1255 2218 1374 2281 quosdam
1390 2218 1421 2267 de
1434 2218 1484 2278 Iria,
1495 2218 1537 2281 qui
1553 2222 1635 2269 nostro
1648 2219 1757 2282 ipsorum

143 2297 245 2375 ὀλίγους
259 2296 288 2355 δι’
300 2319 372 2363 τινας
383 2295 613 2377 προχειρισάμενοι
623 2300 676 2354 τῶν
686 2296 744 2355 καθ’
756 2301 827 2374 ἡμᾶς
838 2294 929 2364 αὐτούς
972 2310 1078 2369 tempere
1094 2306 1220 2367 vixerant,
1237 2319 1391 2371 promamus,
1406 2319 1511 2369 quornm
1526 2319 1665 2356 enarremus
1680 2306 1756 2369 ὡυίε,

143 2386 191 2445 καὶ
202 2384 237 2444 τδι
246 2385 310 2466 ἔργα
321 2386 406 2443 αὐτῶν
419 2383 623 2463 διηγησάμενοι,
639 2382 691 2463 όγὼ
701 2384 749 2463 μὲν
757 2384 791 2443 τδι
801 2383 929 2457 Σκυθικὰ,
971 2394 1119 2456 οςουυίθεαν
1130 2394 1254 2455 scythica,
1264 2400 1290 2455 tu
1299 2398 1379 2444 autem
1387 2396 1487 2445 Graeea:
1497 2397 1523 2443 et
1532 2394 1556 2443 in
1565 2394 1604 2444 his
1611 2398 1664 2445 nter
1674 2395 1758 2445 deerit

142 2473 176 2533 σθ
192 2474 219 2533 δὲ
233 2472 267 2532 τὰ
281 2470 441 2545 Ἔλληνικδι,
456 2472 501 2530 καί
518 2470 639 2554 ὁπότερος
649 2471 680 2531 ἂν
694 2475 722 2531 ἐν
733 2470 832 2540 τούτοις
843 2476 929 2553 κρατῇΙ
971 2486 996 2533 et
1013 2482 1124 2531 meliores
1135 2481 1275 2546 produxerit
1290 2484 1396 2543 arnicas,
1416 2481 1456 2531 ille
1471 2482 1549 2532 victor
1563 2482 1623 2543 erit,
1639 2496 1757 2545 suamque

142 2563 190 2622 καί
209 2561 328 2639 ἀμείνους
343 2560 518 2641 παράσχηται
537 2557 596 2627 τοὺς
611 2560 714 2642 φιλους,
730 2560 807 2627 αύτός
821 2583 850 2619 τε
863 2584 930 2619 νενι-
971 2570 1756 2634 μτειουτιίονίοίοτίωιιοτυείνίι,ρυ1υίιεττίιυυείίιουεείίεεὶννιοροτ-

142 2651 231 2725 κηκὼς
239 2649 314 2709 ἔσται
323 2648 369 2707 καί
378 2647 426 2720 τὴν
437 2652 517 2708 αὑτοῦ
526 2648 682 2730 ἀνακηρύξει
691 2648 830 2708 κάλλιστον
839 2651 929 2725 ἀγῶνα
971 2660 1025 2707 aeto
1037 2658 1175 2709 certamine.
1209 2659 1352 2709 tiammrdto
1365 2657 1757 2720 equidemiibentiusmihivideor
1848 2720 1849 2723 γ

142 2742 189 2804 καί
199 2739 358 2819 σεμνότατον
374 2734 575 2817 ἀγωνισάμενος·
585 2741 620 2805 ὡς
633 2737 716 2816 ἔγωγε
729 2737 796 2796 πολὺ
811 2738 883 2811 ἥδιον
896 2739 929 2797 όν
971 2747 1076 2797 solitaria
1086 2760 1165 2811 pogna
1176 2752 1304 2811 superatus
1315 2747 1425 2805 dextram
1445 2746 1621 2809 praecidendam
1633 2746 1756 2811 praebere,

143 2855 189 2911 μοι
201 2831 269 2889 δοκῶ
278 2830 438 2907 μονομαχῶν
449 2825 568 2897 ἡττηθεὶς
580 2830 764 2903 ἀποτμηθῆναι
773 2827 821 2899 τὴν
834 2825 928 2901 δεξιὰν,
970 2847 1026 2897 quae
1035 2834 1154 2895 seyddee
1166 2834 1243 2896 gande
1254 2846 1324 2896 prena
1335 2836 1388 2897 est,
1399 2847 1473 2897 quarn
1485 2834 1589 2885 deterior
1603 2834 1651 2885 atio
1663 2836 1688 2885 in
1697 2836 1755 2887 ami·

142 2918 207 2999 ὅπερ
228 2921 275 2989 τῆς
296 2918 428 2985 Σκυθικῆς
448 2913 578 2991 ἐπιτίμιόν
593 2916 672 2987 ἐστιν,
692 2912 709 2985 ἢ
733 2914 827 2995 χείρων
848 2916 928 2974 ἄλλου
970 2920 1424 2986 cidajudteeri,idqueeueeo‚quum
1436 2922 1544 2985 ipsesim
1556 2922 1655 2985 Septim.

141 3006 212 3066 κατὰ
234 3004 324 3087 φιλίαν
339 3001 490 3084 κεκρίσθαι,
507 3002 553 3061 καί
571 3008 655 3061 ταῦτα
673 2998 805 3076 Ἕλληνος
825 3002 929 3079 Σεύθης

142 3092 279 3162 αύτθςὼν.

186 3194 233 3244 tt.
251 3184 367 3243 ardun.
388 3178 469 3239 Ἔστι
491 3177 548 3256 μὲν,
569 3166 592 3238 ὡ
606 3177 718 3260 Τόξαρι,
737 3181 766 3237 οὖ
782 3181 880 3261 φαῦλον
897 3179 928 3239 τὸ
1004 3194 1039 3240 11.
1058 3192 1152 3243 MNES.
1168 3192 1755 3257 mrqurdemffmmnspusmuimeeuunuu·

141 3270 218 3354 ἔργον
242 3270 316 3351 άνδρί
340 3268 387 3349 οίῳ
412 3267 454 3327 σοί
473 3270 621 3348 πολεμιστῇ
647 3272 833 3347 μονομαχῆσαι
857 3266 927 3326 πάνυ
970 3278 1536 3343 bile‚ermviro,quatistn,bedatorepngnam
1545 3280 1752 3343 solitariaminIre,
1855 3292 1857 3303 ¹

142 3359 282 3439 εὐστόχους
297 3357 343 3415 καὶ
354 3354 527 3434 τεθηγμένους
543 3354 784 3435 παρεσκευασμένῳ
802 3353 861 3423 τοὺς
882 3354 926 3413 λό-
970 3365 1012 3428 qni
1025 3368 1075 3417 tam
1087 3371 1143 3429 apta
1154 3366 1184 3415 ad
1196 3380 1297 3430 scopum
1308 3371 1333 3417 et
1343 3370 1414 3417 acuta
1425 3373 1565 3430 argumenta
1577 3368 1675 3420 habeas.
1708 3372 1754 3419 Ve-

143 3471 212 3527 γους,
254 3448 296 3506 Ori
312 3443 365 3523 μὴν
381 3447 492 3523 ἀγεννῶς
503 3466 533 3520 γε
549 3441 617 3503 ούτω
628 3440 808 3523 καταπροδοὺς
818 3444 845 3500 ἐν
859 3447 926 3524 βρα-
969 3458 1103 3503 rnmtamen
1114 3467 1163 3502 non
1174 3454 1258 3515 ignave
1269 3453 1329 3503 adeo
1340 3454 1460 3517 proditam
1471 3455 1519 3505 cito
1530 3456 1648 3506 Graeciam
1659 3470 1756 3507 omnem

141 3543 186 3615 χεῖ
196 3534 227 3593 τὸ
238 3532 395 3605 Ἑλληνικὸν
407 3531 478 3589 ἅπαν
488 3530 698 3613 ὑποχωρήσομαί
712 3553 761 3589 σοι·
774 3530 820 3588 καὶ
832 3528 883 3611 γὰρ
895 3530 926 3589 ἂν
971 3543 1014 3592 tibi
1031 3555 1172 3592 conoessero
1187 3556 1194 3591 :
1211 3542 1403 3605 Indignissirnurn
1420 3542 1509 3593 etenim
1525 3543 1610 3606 tuerit,
1630 3558 1645 3595 a
1660 3544 1756 3597 dnobus

142 3625 184 3697 ε’ίη
198 3623 344 3694 πάνδεινον,
356 3622 407 3680 ὑπὸ
416 3622 486 3679 δυοῖν
501 3619 548 3697 μὲν
561 3619 667 3679 ἐκείνοιν
679 3623 824 3691 ἡττηθῆναι
835 3619 928 3678 τοσού-
970 3631 1120 3681 distantum
1138 3632 1280 3693 Scytharum
1291 3644 1344 3681 cese
1358 3635 1511 3695 superatum,
1520 3638 1623 3695 qnantoe
1631 3634 1657 3684 et
1667 3633 1756 3685 inbutae

141 3715 261 3779 τουςτῶν
278 3713 398 3781 Σκυθῶν,
411 3708 522 3775 ὁπόσους
542 3707 569 3767 οί
579 3731 608 3766 τε
625 3712 702 3786 μῦθοι
714 3708 822 3777 δηλοῦσι
839 3706 885 3765 καί
899 3710 927 3765 αἱ
969 3718 1091 3780 indicunt,
1110 3724 1135 3769 et
1155 3719 1260 3781 antiquae
1279 3722 1366 3769 restrae
1385 3719 1498 3782 picturae,
1516 3733 1579 3783 quas
1597 3722 1677 3784 paullo
1700 3726 1756 3773 ante

141 3800 268 3881 ύμὲτεραι
282 3797 395 3858 παλαιαὶ
407 3796 520 3878 γραφαὶ,
537 3795 567 3864 ὡς
581 3800 668 3876 μικρῷ
681 3794 793 3876 πρόσθεν
809 3788 838 3851 εὖ
853 3794 926 3873 μάλα
969 3808 1082 3870 praeclare
1099 3807 1167 3857 velut
1181 3806 1208 3855 in
1227 3806 1316 3869 stupea
1334 3819 1405 3857 soene
1419 3807 1536 3857 enarrasti
1556 3823 1564 3857 ε
1582 3812 1680 3859 Grecos
1697 3822 1757 3861 vero

141 3886 365 3971 ἐξετραγῴδησας
386 3882 523 3956 Ἕλληνας
543 3885 572 3942 δὲ
593 3883 708 3955 πάντας,
728 3888 845 3941 τοσαῦτα
866 3881 926 3955 ἔθνη
969 3896 1107 3955 universos,
1122 3898 1159 3945 tet
1169 3900 1252 3957 gentas
1261 3898 1291 3955 et
1306 3898 1342 3944 tot
1353 3894 1439 3955 urbes,
1455 3895 1550 3946 decena
1565 3909 1637 3946 eausa
1651 3910 1666 3946 a
1679 3900 1704 3947 te
1718 3910 1756 3947 sn·

140 3977 188 4036 καὶ
201 3972 331 4042 τοσαύτας
342 3973 429 4040 πολεις
439 3972 540 4054 ἐρήμην
553 3972 606 4030 aaa
618 3976 665 4030 σοῦ
679 3972 788 4031 ἁλῶναι.
831 3968 927 4051 Είγδιρ
969 3985 1055 4047 perari.
1097 3986 1149 4034 Hoc
1166 3985 1231 4034 enim
1248 3984 1269 4034 si
1285 3984 1338 4045 tiat,
1356 3998 1405 4035 non
1427 3985 1549 4046 dextram,
1569 3989 1596 4035 ut
1610 3985 1691 4046 vobis,
1711 3984 1756 4036 sed

140 4070 219 4124 τοῦτο
232 4063 348 4141 γένοιτο,
358 4064 389 4120 ού
406 4062 455 4133 τλν
469 4059 554 4130 δεξιάν
574 4059 664 4141 ὡσπερ
685 4063 773 4137 ὑμεῖς,
788 4058 857 4119 ἀλλὰ
878 4057 926 4130 την
969 4073 1074 4133 linguam
1084 4072 1144 4121 mihi
1153 4072 1243 4122 abscidi
1251 4072 1344 4134 iustum
1355 4072 1434 4123 inerit.
1452 4076 1538 4124 Utrum
1548 4086 1605 4123 vero
1614 4072 1677 4124 iiniri
1685 4073 1756 4124 nobis

139 4156 262 4233 γλῶτταν
287 4154 474 4225 ἀποτμηθῆναι
496 4148 586 4209 καλόν.
610 4147 746 4229 ΙΠύτερον
767 4147 795 4207 δὲ
817 4147 927 4229 ὡρίσθαι
969 4166 1065 4225 oportet
1081 4174 1208 4211 numerum
1224 4162 1355 4211 andoarum
1373 4162 1491 4224 ejusmodi
1506 4162 1644 4223 actionum
1662 4175 1694 4211 an
1705 4174 1755 4226 qno

139 4240 195 4325 χρὴ
209 4239 254 4301 τὸν
268 4242 377 4321 ἀριθμὸν
391 4244 456 4318 ἡμῖν
471 4242 522 4297 τῶν
537 4240 646 4317 φιλικῶν
657 4236 756 4297 τούτων
769 4233 926 4318 apostema&
969 4250 1050 4313 ptores
1063 4250 1118 4313 qnia
1130 4249 1282 4312 proferendas
1297 4250 1498 4313 habuerit‚,tanto
1509 4249 1541 4300 ad
1552 4250 1677 4300 victoriam
1688 4247 1755 4299 ride·

138 4327 231 4410 ὁπόσῳ
245 4328 277 4387 άν
290 4352 329 4395 τις
339 4326 443 4394 πλείους
456 4326 506 4406 ἔχῃ
517 4326 612 4405 λέγειν,
623 4323 739 4406 τοσούτῳ
751 4324 927 4406 εὐπορώτερος
969 4338 1033 4387 bitur
1048 4338 1200 4389 instructior?

140 4416 238 4486 δόξειεν
252 4414 284 4475 θν
298 4413 363 4497 πρὸς
375 4413 424 4486 τὴν
437 4413 525 4485 νίκην;

180 4504 269 4566 ΤΟΞ.
291 4505 438 4581 Οὐδαμῶς,
459 4503 517 4561 ἀλλ’
538 4500 641 4583 ὡρίσθω
662 4499 700 4579 μὴ
724 4502 751 4560 ἐν
772 4502 811 4582 τῷ
832 4500 927 4572 πλήθει
1000 4509 1072 4557 ΤΟΧ.
1089 4508 1245 4569 Nequaquam
1266 4519 1272 4553 :
1293 4504 1337 4555 sed
1352 4503 1478 4555 definitum
1496 4507 1548 4555 esto
1568 4516 1617 4553 non
1633 4503 1657 4553 in
1675 4503 1753 4553 malti·

139 4596 229 4652 αθτῶν
239 4590 271 4649 εδ
281 4590 391 4672 κράτος,
406 4592 464 4649 ἀλλ’
479 4592 502 4649 εί
516 4588 636 4667 ἀμείνους
649 4588 694 4648 καί
708 4588 856 4671 τομώτεραι
870 4588 928 4670 φαί-
968 4594 1051 4645 tudine
1062 4608 1144 4644 earnm
1157 4594 1239 4653 robur,
1249 4591 1292 4642 scd
1304 4592 1325 4643 si
1337 4592 1516 4655 prestantiores
1528 4596 1555 4643 et
1566 4591 1635 4655 quasi
1645 4594 1753 4655 penetra-

139 4681 266 4741 caratoni
284 4678 330 4737 σαί
344 4682 396 4739 τῶν
414 4681 485 4755 ἐμῶν
497 4676 554 4737 ἶσαι
566 4677 610 4736 τδν
632 4676 741 4757 ἀριθμὸν
762 4668 852 4750 ούσαι,
866 4700 925 4735 και-
968 4682 1064 4734 hiliorea
1082 4686 1132 4733 tuae
1149 4682 1277 4732 videantur
1293 4680 1406 4730 amicitiae
1420 4681 1494 4741 meis,
1510 4679 1617 4743 equuteo
1632 4678 1753 4744 mersum

140 4768 254 4849 ριὼτερα
265 4768 344 4838 δῆλον
357 4766 398 4825 ὁτι
408 4764 562 4847 ἐργάσονταί
575 4788 620 4844 μοι
626 4762 766 4845 τραύματα
775 4763 821 4823 καί
832 4770 925 4825 θᾶττον
969 4784 1069 4823 numero
1088 4774 1209 4832 utrasque,
1229 4769 1339 4830 puriora
1356 4780 1443 4830 nempe
1459 4766 1545 4817 radent
1565 4766 1626 4819 mihi
1641 4766 1752 4828 vulnera,

139 4854 247 4917 ἐνδώσω
256 4854 321 4936 πρὸς
335 4853 381 4923 τίες
394 4853 507 4932 πληγάς.
968 4874 1045 4923 eoque
1054 4859 1155 4910 celerius
1163 4857 1238 4920 plagis
1247 4856 1386 4907 concedam.

179 4946 299 5004 IINIIZ.
320 4934 360 5003 Εύ
372 4941 471 5020 λέγεις,
485 4940 531 5001 καί
544 4940 697 5023 ὡρίσθωσαν
715 4938 811 4999 ὁπόσαι
826 4938 924 4999 ἱκαναί.
999 4950 1091 4999 MNES.
1108 4950 1182 4997 Recte
1193 4945 1271 4995 dicis:
1284 4944 1505 5007 etdnianturquot
1517 4943 1646 4995 satiarint.
1677 4942 1751 5002 Quin·

139 5030 226 5095 Πέντε
240 5030 330 5109 ἔμοιγε
342 5032 461 5090 δοκοῦσιν
476 5029 601 5111 ἐκατέρῳ.
967 5048 1015 5099 que
1023 5036 1083 5086 mihi
1092 5034 1189 5099 quidem
1200 5034 1327 5095 unicuique
1336 5032 1449 5082 ridentur
1460 5030 1579 5082 sufficere.

179 5121 268 5181 ΤΟΞ.
290 5118 381 5197 Kaprai
391 5121 478 5192 δοκεῖ,
492 5117 617 5201 πρότερος
630 5115 658 5176 δί
671 5116 744 5194 λέγε,
759 5114 816 5175 ἀλλ’
827 5116 925 5193 ύπομο-
998 5126 1071 5175 ΤΟΧ.
1089 5128 1120 5174 Et
1128 5123 1189 5173 mitri
1195 5122 1300 5173 ridetur.
1329 5121 1374 5172 Dic
1383 5126 1408 5171 tn
1417 5120 1490 5185 prior,
1499 5118 1543 5169 sed
1549 5120 1629 5183 jurato
1638 5120 1718 5185 prins,
1728 5123 1753 5171 te

138 5204 252 5285 σάμενος
267 5198 285 5280 ἦ
306 5206 358 5285 μὴν
375 5209 460 5279 ἀληθῆ
478 5208 554 5288 ἐρεῖν·
572 5206 659 5273 άλλως
676 5203 728 5287 γίιρ
744 5202 870 5263 πλάττειν
889 5204 923 5265 adr
969 5224 1025 5263 rara
1040 5212 1161 5265 dictarum
1174 5226 1181 5261 τ
1194 5212 1300 5276 εθοουίυ
1312 5210 1376 5261 anim
1388 5209 1476 5273 augere
1494 5208 1549 5259 talia
1560 5222 1609 5259 non
1620 5208 1751 5259 admodum
