3825 5909
187 440 242 491 tto
698 424 735 485 x.
757 376 970 483 asarinus
994 420 1213 481 arnaorcr.
1237 428 1283 480 rr.
1657 420 1795 504 (ra-an)

183 561 218 621 τθ
239 561 322 644 βρέρη
342 559 440 621 διώκοι
458 558 505 619 καί
519 556 553 618 τδι
573 562 667 617 ἑαυτοῦ
681 555 776 616 παιδία
795 553 909 636 ὠδύρετο
922 554 969 613 καί
1007 562 1112 613 inientes
1123 560 1242 626 eiulabat,
1254 574 1312 613 suos
1322 560 1411 613 liberos
1421 560 1540 626 dedebat,
1554 564 1579 613 et
1590 561 1650 613 nihii
1660 576 1707 615 non
1717 566 1798 619 molie-

183 656 306 720 παντοῖος
318 652 442 731 ἔγίγνετο.
1012 650 1092 699 batur.

225 753 253 803 Ξ.
276 744 366 802 ΜΕΝ.
388 743 490 802 Οὐκοῦν
505 736 630 819 σοφιστὴς
643 741 657 795 δ
670 736 804 821 ἅνθρωπος
817 727 850 810 ἥν
866 735 912 795 καί
923 738 970 795 οιίκ
1042 744 1065 786 2.
1082 740 1156 787 ΜΕΝ.
1174 739 1236 800 Ergo
1248 736 1364 787 subdolus
1375 741 1426 787 erat
1437 736 1477 787 hic
1488 738 1562 789 homo
1573 738 1694 802 sophista,
1706 754 1752 791 uec
1762 755 1797 792 re·

185 832 288 901 ἀληθῶς
301 828 456 908 κατεφρόνει
469 832 516 885 τοῒι
529 824 699 906 πράγματος,
1012 839 1069 877 vera
1078 826 1246 875 contemnebat
1257 830 1374 876 mortem?
1813 858 1819 865 .

227 918 336 977 KEPB.
359 914 434 987 Οθκ,
449 914 508 972 ἀλλ’
523 912 632 993 ἐπείπερ
649 911 791 990 ἀναγκαῖον
805 909 870 968 αθπθ
883 905 969 990 ἔύιρα,
1042 916 1112 965 CER.
1130 914 1229 965 Minime
1240 928 1246 962 :
1257 914 1299 964 sed
1311 914 1352 964 ubi
1362 914 1522 964 necessariam
1534 914 1716 977 animaduertit,
1728 918 1800 967 auda·

185 1004 390 1083 κατεθρασύνετο
403 1007 438 1068 ὡς
451 1004 527 1073 δῆθεν
546 1002 594 1060 οθκ
611 1000 685 1065 ἄκων
701 997 854 1075 πεισόμενος
871 996 886 1055 δ
902 994 973 1057 πάν-.
1012 1004 1063 1052 cter
1086 1014 1139 1051 sese
1155 1002 1286 1063 offerebat,
1305 1002 1375 1065 quasi
1392 1002 1483 1053 scilicet
1502 1016 1550 1053 non
1565 1002 1655 1055 invitus
1671 1004 1797 1057 subitonus

184 1114 236 1158 τως
247 1091 299 1150 ἔδει
310 1096 412 1164 παθεῖν,
425 1094 460 1156 ὡς
468 1088 648 1165 θαυμάσονται
660 1090 684 1146 οἱ
696 1085 795 1145 θεαταί.
836 1084 892 1147 Καὶ
904 1082 970 1151 tto<
1012 1090 1077 1153 quod
1088 1090 1186 1139 omnino
1197 1090 1321 1153 oportebat
1331 1092 1395 1153 pati,
1413 1095 1440 1140 nt
1451 1104 1508 1140 euna
1524 1090 1700 1141 admirarentur
1709 1099 1802 1156 specu·

185 1178 246 1259 περλ
257 1178 363 1237 πάντων
375 1200 405 1255 γε
416 1180 468 1235 τῶν
479 1174 603 1234 τοιούτων
616 1178 697 1234 εἰπεῖν
709 1173 741 1233 δν
753 1173 842 1254 ἔχοιμι
848 1172 915 1246 ,ἔως
923 1177 969 1229 τοῦ
1012 1180 1085 1227 tores.
1118 1180 1147 1227 Iu
1168 1171 1265 1228 sum'ma
1283 1176 1313 1228 de
1333 1178 1447 1228 omnbus
1465 1177 1564 1241 quidem
1582 1178 1701 1245 eiusmodi
1721 1180 1803 1233 dicere

186 1265 294 1343 στομίου
311 1264 439 1346 τολμηροὶ
453 1264 499 1323 καλ
512 1265 640 1345 ἀνδρεῖοι,
654 1262 687 1322 τθ
706 1260 734 1322 δὲ
748 1262 849 1323 ἔνδοθεν
863 1260 970 1340 ἔλεγχος
1012 1264 1116 1327 murm,
1130 1268 1213 1328 Usque
1225 1265 1255 1315 ad
1266 1265 1357 1315 catium
1369 1265 1472 1317 audaces
1483 1279 1512 1316 ac
1524 1266 1598 1317 tortas
1611 1282 1617 1315 :
1632 1266 1673 1318 ubi
1684 1268 1751 1319 intus
1761 1283 1803 1333 pe-

186 1353 306 1435 ἀχριὸής,
497 1413 502 1421 ,
1011 1355 1131 1402 cetraturu
1144 1355 1194 1413 est,
1206 1353 1378 1403 documentum
1390 1354 1486 1405 timoris
1497 1355 1660 1405 manifestum.

225 1444 317 1501 ΜΕΝ.
339 1438 412 1518 Ἕγδ)
426 1437 453 1498 δὲ
466 1442 522 1506 πῶς
536 1461 576 1497 σοι
589 1435 793 1510 κατεληλυθέναι
808 1434 898 1508 ἔδοξας
1043 1443 1119 1491 ΜΕΝ.
1135 1444 1184 1503 i'go
1194 1454 1252 1492 vero
1261 1443 1383 1505 quomodo
1396 1442 1439 1493 tibi
1450 1442 1603 1494 descendisse
1614 1444 1682 1495 visus
1694 1449 1764 1495 sumi

225 1532 334 1590 KEPB.
356 1528 458 1600 Μόνος,
477 1517 499 1586 ιθ
515 1526 651 1600 Μένιππε,
663 1525 739 1595 ἀξίως
753 1530 800 1584 τοῦ
813 1524 914 1603 γόνους,
924 1521 971 1581 καθ
1045 1532 1115 1580 CER.
1134 1530 1220 1592 Seius,
1236 1532 1360 1594 Menippe,
1371 1536 1398 1581 ut
1410 1532 1509 1594 dignum
1525 1537 1576 1582 erat
1587 1546 1685 1595 genem,
1702 1548 1731 1584 ac
1746 1534 1804 1584 Dio·

186 1616 309 1694 Διογένης
322 1616 373 1697 πρδ
390 1622 452 1688 σοῦ,
466 1614 496 1675 ύτ
520 1615 558 1694 μὴ
573 1613 782 1694 ἀναγκαζόμενοι
794 1611 895 1691 ἐσῄειτε
908 1610 970 1688 μηδ’
1012 1630 1085 1680 genes
1096 1620 1152 1668 ante
1169 1623 1207 1680 te;
1219 1620 1276 1682 quia
1292 1634 1339 1669 non
1352 1622 1428 1671 coacti
1447 1622 1586 1683 intrabatis,
1596 1636 1675 1687 neque
1691 1623 1804 1688 impulsi,

185 1704 343 1787 ὠθούμενοι,
354 1706 412 1763 ἀλλ’
425 1703 579 1778 ἐθελούσιοι,
589 1706 730 1783 γελῶντες,
741 1701 861 1780 οἰμώζειν
871 1722 972 1781 παραγ·
1013 1706 1057 1757 sed
1068 1707 1212 1770 voluntarii,
1224 1707 1345 1771 ridentes,
1356 1709 1451 1773 plorare
1460 1710 1573 1773 iubentes
1583 1715 1692 1762 cunctos.

185 1793 317 1872 γείλαντες
329 1792 438 1852 ἅπασιν.

534 1956 624 1969 —

550 2068 608 2141 22.
1274 2126 1294 2156 ,.
1378 2074 1438 2145 22.

326 2250 509 2313 ΧΑΡΩΝΟΣ
530 2249 595 2308 Kal
616 2247 830 2309 ΜΕΝΙΠΠΟΥ.
904 2272 910 2281 ·
1035 2249 1452 2329 CHARONTIS,MEN1PPI
1474 2253 1778 2338 (ETMERCURH).

229 2420 255 2470 1.
276 2410 363 2470 xiii).
385 2405 505 2478 Ἀπόδος,
523 2394 628 2464 ὦκατά
647 2428 707 2479 ατε,
721 2405 756 2465 τὰ
769 2411 910 2488 πορθμεῖα.
1049 2420 1070 2466 1.
1088 2419 1184 2468 cittii.
1201 2416 1297 2479 Redde,
1309 2418 1435 2481 scelerate,
1448 2418 1590 2482 portorium.
1691 2400 1695 2409 ’

226 2499 317 2557 ΜΕΝ.
339 2492 408 2565 Βόα,
420 2496 443 2552 εί
456 2491 533 2553 τοῦτό
545 2516 601 2564 σοι,
614 2518 637 2551 ω
649 2492 757 2574 Χάρων,
769 2493 850 2565 ἥδιον.
1046 2506 1120 2555 ΜΕΝ.
1137 2504 1287 2568 Vociferam,
1296 2506 1317 2556 si
1329 2506 1354 2555 id
1366 2506 1409 2556 tibi
1421 2506 1562 2570 aiiubescit,
1574 2509 1678 2559 charon

227 2586 314 2645 XAP.
336 2581 459 2653 Ἀπόδος,
469 2580 554 2663 φημί,
565 2582 622 2640 ἄνθ’
633 2572 670 2639 δν
680 2603 709 2639 σε
719 2578 971 2662 διεπορθμεύσαμεν.
1048 2595 1141 2643 citra.
1159 2593 1255 2655 Redde,
1268 2596 1379 2657 inquam,
1391 2609 1434 2658 pro
1444 2609 1472 2645 eo
1483 2596 1547 2659 quod
1560 2599 1584 2647 te
1596 2599 1725 2649 transvexi.

226 2673 319 2732 ΜΕΝ.
341 2672 401 2730 Οὐκ
414 2667 446 2728 διν
458 2667 550 2735 λάθοις
561 2667 635 2748 παρὰ
644 2674 689 2727 τοῦ
701 2666 738 2745 μθ
751 2668 864 2748 ἔχοντος.
1047 2682 1121 2731 ΜΕΝ.
1140 2680 1210 2731 iiaud
1221 2682 1341 2745 deceperis
1353 2682 1383 2732 ab
1394 2696 1424 2732 eo
1435 2684 1477 2745 qui
1487 2698 1534 2733 non
1544 2684 1626 2735 babet.

226 2760 313 2821 xit).
334 2755 414 2818 Ἔστι
425 2756 454 2815 δέ
465 2780 503 2823 τις
514 2754 607 2832 θόολθν
620 2754 657 2833 μθ
670 2756 753 2835 irum
1047 2772 1141 2821 cirin.
1159 2774 1234 2820 Estne
1243 2772 1329 2835 niquis
1339 2771 1380 2834 qui
1392 2771 1491 2821 obolum
1502 2786 1550 2822 nou
1564 2772 1666 2823 trabat?

227 2849 318 2909 ΜΕΝ.
340 2847 375 2906 Εἰ
390 2844 439 2924 μὲν
456 2845 503 2906 καλ
521 2844 600 2919 ἄλλος
608 2868 647 2911 τις
667 2848 714 2906 οὐκ
731 2834 802 2916 οἶδα,
815 2844 873 2923 ἐγδό
885 2845 907 2904 δ’
926 2846 974 2904 οὐκ
1048 2860 1124 2908 ΜΕΝ.
1142 2864 1180 2909 An
1198 2859 1377 2923 attractionis,
1397 2860 1528 2911 treudacio
1544 2860 1591 2913 :de
1612 2874 1651 2913 nae
1667 2876 1739 2926 νεα),
1758 2856 1812 2915 non'

188 2936 252 3017 ἔχω.
1017 2944 1102 2995 Ιιαθεο.

227 3026 316 3085 xit).
338 3020 393 3082 Καὶ
404 3018 457 3099 μὴν
467 3018 537 3099 ἄγξω
547 3018 673 3093 σενὴτδν
683 3010 974 3102 Πλούτωναμῗιμιαρὲ,
1049 3036 1143 3084 cittii.
1161 3034 1291 3085 Enimvero
1313 3034 1393 3085 tauces
1410 3035 1455 3085 tibi
1475 3036 1635 3100 praecinctam,
1651 3037 1808 3104 detestande,

187 3110 220 3185 ἢν
233 3110 270 3190 μὴ
283 3112 395 3191 ἀποδῷς.
833 3170 837 3176 ,
1017 3122 1063 3171 uisi
1075 3120 1178 3171 dederis.
1559 3108 1563 3117 ¹

228 3201 319 3260 ΜΕΝ.
343 3194 428 3276 Κάγὼ
447 3198 486 3277 τῷ
509 3194 578 3277 ξύλῳ
598 3217 644 3253 σου
665 3193 785 3264 πατάξας
808 3194 924 3255 διαλύσω
944 3196 975 3255 τθ
1048 3212 1123 3259 ΜΕΝ.
1140 3212 1191 3273 Ego
1205 3214 1289 3260 contra
1304 3210 1390 3261 bacuio
1401 3210 1443 3261 tibi
1460 3224 1600 3276 percussum
1616 3212 1745 3265 dissolvam
1756 3229 1809 3266 cra·

189 3286 303 3370 κρανίον.
1016 3296 1094 3347 nium.

228 3378 316 3438 xit).
338 3371 434 3445 Μάτην
449 3363 493 3431 ούν
508 3372 556 3453 ἔσῃ
577 3369 732 3439 πεπλευκὼς
744 3376 867 3431 τοσοῦτον
882 3374 974 3432 πλοῦν.
1048 3387 1141 3436 crisa.
1162 3390 1242 3441 Gratis
1266 3384 1339 3449 igitur
1348 3384 1498 3449 navigaveris
1508 3392 1558 3437 um
1570 3388 1665 3451 longam
1676 3389 1808 3452 nar·igatio·

229 3465 321 3525 ΜΕΝ.
344 3461 380 3523 ‘0
398 3460 500 3543 Ἑρμῆς
514 3458 580 3543 ὑπὲρ
601 3463 665 3537 ἐμοῦ
685 3481 726 3518 σοι
745 3458 922 3532 άποδότω,ός
942 3484 975 3538 με
1018 3486 1080 3524 nem.

190 3550 327 3634 παρέδωκέ
339 3574 388 3611 σοι.
1049 3564 1124 3612 ΜΕΝ.
1141 3561 1274 3611 Mercurius
1285 3574 1330 3625 pro
1338 3574 1378 3611 me
1389 3562 1433 3610 tibi
1444 3562 1534 3623 solvat,
1546 3564 1588 3626 qui
1597 3576 1635 3613 ure
1645 3564 1743 3613 tradidit
1753 3564 1807 3613 tibi.

235 3654 262 3704 2.
283 3642 372 3701 EPM.
393 3637 437 3709 Νὴ
449 3636 491 3697 Δί’
505 3636 614 3716 ὠνάμην
625 3660 665 3716 γε,
673 3638 696 3695 εἰ
705 3635 795 3715 μίλλω
809 3636 854 3695 καὶ
866 3640 976 3718 θπερεκ-
1050 3656 1073 3699 2.
1090 3652 1187 3700 ΜΕΕΟ.
1205 3653 1250 3699 Per
1265 3654 1363 3710 torem,
1376 3649 1438 3699 boile
1450 3663 1545 3700 mecum
1559 3656 1651 3714 agatur,
1667 3652 1687 3701 si
1699 3657 1807 3702 mortuu-

189 3729 266 3789 τίνειν
280 3732 332 3786 τιῖιν
346 3730 453 3806 νεκρῶν.
1018 3750 1072 3785 rum
1084 3737 1156 3786 etiam
1168 3737 1220 3786 uice
1231 3736 1374 3786 solvendum
1384 3737 1442 3785 mihi
1455 3737 1494 3787 sit.
1606 3728 1615 3740 ¹

229 3818 316 3879 xci).
338 3817 398 3875 Οὐκ
409 3810 595 3889 ἀποστήσομαί
606 3834 662 3869 σου.
1050 3826 1142 3874 cittii.
1161 3824 1262 3873 Missum
1274 3826 1299 3874 te
1308 3838 1356 3873 nou
1369 3824 1463 3874 iaciam.
1721 3862 1730 3875 .

230 3904 323 3964 ΜΕΝ
345 3901 449 3963 Τούτου
458 3923 488 3977 γε
498 3897 574 3957 ἔνεκα
584 3898 629 3958 καὶ
639 3897 975 3979 νεωλκήσαςτδπορθμεῖον
1050 3902 1125 3948 ΜΕΝ.
1143 3898 1214 3957 Quod
1225 3898 1256 3947 tid
1268 3899 1338 3947 istam
1351 3899 1450 3971 quidem
1462 3913 1512 3949 retii
1523 3901 1622 3960 atenac,
1639 3902 1677 3951 vel
1687 3901 1810 3953 subducto

189 3991 339 4073 παράμενε·
351 3987 421 4060 πλὴν
432 3988 491 4046 ἀλλ’
502 3985 518 4045 ό
527 4010 557 4066 γε
570 3984 607 4063 μὴ
621 3984 687 4066 ἔχω,
697 3990 754 4053 πῶς
765 3984 797 4045 δν
809 3985 916 4059 λάόοις;
1019 3960 1303 4085 ἓῖἷιέξάἷξᾟὲἓξρξέἐξ
1313 3960 1430 4022 ⁰³5¹¹³²⁰f
1441 3976 1447 4009 ²
1461 3966 1566 4012 astimffl
1577 3960 1642 4027 <1⁰⁰⁶
1654 3976 1701 4013 ¹¹⁰⁰
1714 3964 1809 4027 bibit),

230 4080 318 4141 xci).
342 4075 381 4137 Σθ
393 4076 416 4134 δ’
428 4077 476 4137 οὒκ
488 4074 560 4155 ᾔδεις
571 4078 607 4140 ὡς
618 4073 771 4151 κομίζεσθαι
783 4073 855 4146 δέον;
1050 4086 1143 4133 cittii.
1161 4086 1198 4133 'su
1209 4084 1332 4134 nesciebas
1342 4084 1440 4134 obuium
1451 4098 1505 4135 esse
1516 4084 1560 4134 tibi
1569 4084 1759 4148 apportandum?

230 4168 321 4227 ΜΕΝ.
341 4160 434 4241 ’ᾝδειν
449 4162 505 4241 μὲν,
524 4164 572 4222 οὐκ
594 4152 664 4241 είχον
681 4160 716 4221 δέ.
757 4162 794 4223 Τί
812 4156 874 4235 ούν;
896 4164 976 4243 ἐχρῆν
1049 4173 1124 4222 ΜΕΝ.
1141 4170 1809 4236 Seiebamequideru,uectamenbabebam.Quidergo?

190 4252 234 4315 διθ
246 4258 322 4312 τοῦτο
334 4250 371 4329 μὴ
385 4253 538 4322 ἀποθανεῖν;
1019 4264 1174 4323 proptereaue
1185 4260 1311 4322 oportebat
1321 4273 1369 4309 nou
1381 4260 1457 4311 niori?

230 4342 316 4404 XAP.
324 4334 426 4407 ’Μόνος
438 4328 482 4398 ούν
494 4337 621 4418 αθγήσεις
631 4340 729 4418 προῖκα
741 4336 916 4397 πεπλευκέναι
921 4364 930 4412 ;
1051 4350 1145 4399 ΟΜΑΕ.
1162 4348 1232 4398 Solus
1244 4348 1316 4409 igitur
1326 4338 1457 4410 gloriabare
1469 4348 1542 4410 gratis
1554 4352 1579 4398 te
1590 4348 1728 4410 carbasea?

231 4431 322 4491 ΜΕΝ.
344 4430 384 4488 Οὐ
404 4431 516 4508 προῖκα,
530 4406 553 4486 όν
573 4425 705 4505 βέλτιστε·
720 4424 765 4483 καὶ
784 4425 835 4506 γδιρ
857 4427 976 4499 ἤντλησα
1050 4439 1125 4487 ΜΕΝ.
1139 4440 1193 4486 Νοιι
1204 4436 1292 4498 gratia,
1305 4436 1342 4485 vir
1357 4436 1448 4498 optime
1459 4450 1465 4482 ε
1476 4434 1566 4487 etenim
1581 4436 1681 4485 audiam
1698 4416 1770 4498 duxi,
1783 4439 1810 4487 et

190 4518 298 4590 καὶτῆς
317 4516 409 4587 κώπης
426 4513 642 4594 συνιπελαόόμην
657 4512 702 4573 καὶ
726 4514 774 4574 ούκ
791 4514 884 4575 ἔκλαον
899 4514 976 4594 μόνος
1019 4537 1086 4575 remo
1097 4524 1170 4577 simut
1180 4523 1326 4586 incubui,et
1340 4536 1404 4573 unus
1414 4525 1521 4575 cmmuur
1534 4528 1657 4575 securum
1671 4538 1719 4575 non
1730 4524 1808 4588 picra·

190 4610 243 4666 π’νίν
258 4606 346 4665 ἄλλων
359 4603 499 4664 ἔπιόατῶν.
1019 4612 1084 4662 barn.

231 4698 317 4756 Χλί).
339 4692 423 4753 Οὐδὲν
451 4698 535 4752 ταῦτα
555 4690 627 4772 ’πρὸς
657 4690 786 4772 πορθμέα·
812 4691 857 4752 τθν
885 4691 981 4751 testeo
1050 4702 1144 4750 elidit.
1162 4698 1228 4749 Nihil
1243 4698 1291 4749 ista
1303 4697 1334 4749 ad
1351 4698 1491 4763 portitores
1503 4714 1510 4747 :
1523 4698 1622 4749 obolum
1634 4698 1773 4763 pasotrem
1785 4703 1810 4750 tc

193 4781 336 4841 ἀποδοῦναί
350 4805 380 4841 σε
394 4784 441 4840 δεῖ·
456 4784 485 4840 οὗ
497 4780 570 4859 θέμις
582 4779 669 4847 ἄλλως
683 4778 812 4855 γενέσθαι.
1019 4792 1114 4851 oportet
1124 4802 1130 4835 :
1140 4800 1219 4850 ueqrre
1231 4786 1295 4837 enim
1307 4787 1343 4837 cs
1354 4790 1393 4837 est
1403 4787 1471 4837 aliter
1483 4786 1542 4837 fieri.

233 4882 261 4930 3.
284 4873 373 4931 ΜΕΝ.
396 4872 499 4930 Οὐκοῦν
513 4866 601 4946 ἄπαγε’
612 4892 645 4946 με
657 4859 729 4935 αύθις
742 4871 768 4935 ἐς
781 4869 824 4927 τθν
838 4867 903 4948 βίον.
1051 4881 1075 4927 ³.
1093 4879 1168 4926 ΜΕΝ.
1187 4876 1250 4934 Quin
1259 4888 1316 4939 ergo
1331 4889 1371 4927 ma
1383 4888 1467 4925 rursus
1478 4874 1557 4925 abduc
1566 4874 1590 4923 iu
1603 4860 1686 4924 rium.

233 4960 320 5017 xit).
343 4956 440 5037 Χάριεν
458 4955 555 5034 λέγεις,
578 4954 621 5014 ἵνα
642 4955 689 5013 καί
711 4955 814 5033 πληγδις
832 4956 876 5016 ἐπὶ
893 4955 977 5037 τούτῳ
1050 4966 1143 5015 cittii.
1160 4964 1262 5015 Pulchre
1269 4961 1808 5028 sane5utpiagasinsupereapropterabffiaoo

194 5045 268 5125 παρὰ
281 5050 326 5103 τοῦ
341 5048 442 5106 Αἰακοῦ
455 5045 609 5127 προσλάόω.
1020 5052 1145 5114 accipiam.

235 5134 327 5193 ΜΕΝ.
349 5130 396 5203 Μὴ
410 5131 510 5211 ἐνόχλει
522 5124 576 5192 ούν.
933 5193 935 5196 ,
1050 5143 1126 5193 ΜΕΝ.
1143 5144 1205 5203 Ergo
1214 5140 1304 5191 desiste
1313 5142 1434 5203 negotium
1446 5140 1572 5193 incessere.

236 5222 317 5280 xii).
339 5219 428 5288 Δεῖξον
436 5219 465 5279 τί
479 5223 505 5279 ἐν
519 5225 552 5301 τῇ
564 5218 638 5300 πάρα
653 5218 729 5299 ἔχεις.
988 5220 989 5223 “
1052 5232 1145 5281 cittii.
1163 5229 1270 5280 ostende
1283 5228 1341 5293 qnid
1351 5230 1375 5278 in
1385 5241 1441 5292 pera
1450 5240 1525 5290 geras.
