3825 5909
117 439 255 521 (ιο-ιο)
648 431 717 492 xx.
738 429 1052 526 unnuouruus.
1077 439 1194 506 οηει.
1672 455 1731 509 „7
1774 438 1787 486 ν

155 587 245 647 ΛΥΚ.
267 579 311 654 nt
325 565 416 654 ot,ii
430 571 592 656 Ἑρμότιμε,
604 573 710 640 πάντων
726 573 844 652 μάλιστα
858 573 902 634 οτι
979 583 1052 633 nuo.
1068 584 1114 634 nu
1124 583 1228 644 ιονοο,
1241 583 1403 647 moue,
1414 586 1524 638 οοιοιοο
1534 589 1641 641 mame
1650 591 1676 642 u
1686 592 1734 644 ιω

115 672 201 754 τούτῳ
212 665 402 738 σπουδαστέον,
411 667 463 724 τῶν
475 663 497 720 δ’
510 661 597 722 ἄλλων
608 660 765 742 ἀμελητόον,
777 663 823 723 καί
834 661 902 740 μήτε
946 669 1118 722 deuorandum
1130 675 1168 722 ost
1174 706 1183 734 ,
1195 671 1343 734 reliquorum
1354 685 1412 724 vero
1426 688 1485 725 curs
1494 676 1642 742 sbjieiendu;
1653 694 1734 746 nsque

115 760 241 836 πατρίδος
250 761 298 830 τῆς
305 757 416 815 ἐνταῦθα
426 747 674 828 ἐπιλαμόανομόνης
682 749 765 811 πολύν
772 756 903 810 ποιεῖσθαι
946 758 968 807 si
983 757 1038 808 huso
1047 758 1146 822 entique
1156 759 1234 821 nstris
1248 771 1348 808 menum
1364 759 1466 823 inliciat,
1482 765 1584 816 multem
1594 767 1683 817 hebere
1696 780 1733 819 re·

115 850 160 910 τδν
169 848 247 927 λόγον
258 844 325 923 μήτε
334 836 461 910 παίδοινῆ
473 835 579 918 γονόων,
589 837 642 920 ότιρ
651 837 726 910 εἰσὶν,
737 837 903 918 ἐπικατεχόν-
948 846 1038 896 tionem
1048 850 1159 909 oportet,
1170 861 1248 911 neque
1259 847 1342 898 liberis
1352 854 1395 898 sul
1406 852 1561 915 umentibus,
1577 854 1599 904 sl
1613 856 1653 905 mi
1669 857 1733 920 sint,

115 961 168 997 των
183 935 230 996 καὶ
243 927 505 1012 κλαυθμυριζομένων
520 928 692 998 ἐπικλᾶσθαι,
705 925 773 984 ἀλλὰ
786 925 902 1002 μάλιστα
946 933 1049 983 retinere
1060 946 1117 982 oum
1125 934 1221 996 plorstu
1237 934 1391 996 volentibus,
1404 935 1496 999 lmugi3
1508 938 1551 988 sed
1562 941 1667 1002 primum
1681 943 1734 1006 qui·

116 1026 164 1104 μὲν
178 1021 314 1087 κάκείνους
326 1017 490 1099 παρακαλεῖν
504 1014 548 1074 ἐπὶ
557 1013 605 1087 τὴν
619 1012 699 1086 αὐτὴν
710 1013 778 1086 ὁδὸν,
789 1017 812 1072 εί
824 1013 852 1073 δέ
863 1012 901 1092 μὴ
947 1018 1003 1070 dem
1013 1020 1103 1070 nortui
1112 1022 1137 1071 et
1146 1020 1200 1070 illos
1209 1021 1241 1072 ud
1249 1021 1351 1072 enodem
1362 1021 1427 1072 vium
1436 1023 1616 1086 ingrediendum
1625 1046 1633 1090 ;
1643 1029 1665 1077 si
1675 1042 1735 1080 uero

116 1115 228 1174 ἐθελοιεν
243 1109 261 1181 ἢ
277 1107 314 1186 μὴ
331 1105 464 1178 δύναιντο,
478 1101 688 1178 ἀποσεισάμενον
702 1101 796 1169 αὐτούς
806 1105 902 1184 χωρεῖν
947 1107 1024 1156 nolint
1043 1106 1082 1156 vel
1098 1120 1146 1157 non
1163 1108 1270 1170 possint,
1286 1107 1386 1159 dimotis
1403 1110 1452 1160 illis
1472 1115 1537 1161 ruotu
1554 1113 1683 1175 possedere
1702 1114 1735 1165 σα

115 1200 176 1260 εὐθὺ
189 1204 237 1271 τῆς
247 1193 453 1273 πανευδαίμονος
466 1191 567 1263 ἐκείνης
575 1189 676 1259 πόλεως
687 1190 734 1250 καὶ
744 1190 808 1250 αὐτὸ
820 1193 903 1272 ἀπορ-
947 1195 1042 1246 loentum
1057 1195 1123 1246 illsm
1135 1209 1166 1246 ex
1181 1195 1247 1246 omni
1262 1201 1331 1259 nerto
1341 1198 1479 1262 civitatem,
1491 1204 1516 1251 et
1527 1214 1580 1264 ηιιυ
1591 1202 1684 1264 objecto
1693 1217 1733 1254 ve·

118 1289 231 1371 ρίψαντα
248 1285 278 1344 τθ
294 1283 407 1362 ίμοίτιον,
430 1284 453 1341 οῖ
470 1277 562 1340 τούτου
583 1277 771 1357 ἐπειλημμένοι
789 1277 903 1360 κατερύ-
948 1281 1072 1343 alimento,
1082 1282 1221 1332 silorteillo
1230 1284 1403 1348 comprehenso
1410 1285 1733 1353 impedimueouumpere.

117 1400 209 1446 xoret,
218 1371 359 1450 ἐσσύμενον
380 1374 472 1430 ἐκεῖσε·
490 1371 519 1428 οὐ
537 1367 589 1449 γδρ
609 1365 665 1434 δέος
684 1365 723 1444 μή
738 1364 768 1426 σε’
782 1390 820 1435 τις
834 1369 903 1426 ἀπυ-
947 1373 1031 1434 Neque
1041 1371 1106 1421 enim
1116 1375 1197 1422 metus
1207 1375 1246 1422 est
1256 1385 1287 1423 ne
1297 1372 1353 1436 quis
1364 1374 1478 1425 exeludst
1491 1376 1516 1427 te
1533 1377 1573 1428 vel
1590 1377 1685 1429 nudum
1704 1393 1733 1430 υο

117 1463 211 1542 κλείσῃ
225 1460 271 1522 καί
284 1457 381 1538 γυμνύν
397 1459 482 1516 ἐκεῖσε
495 1454 603 1527 ἥκοντα.
948 1456 1124 1506 advenientem·

159 1563 207 1612 24.
229 1545 302 1620 Ἤδη
320 1547 371 1627 γύρ
389 1568 453 1606 ποτε
471 1542 517 1604 καί
538 1543 633 1602 ἄλλοτε
647 1540 797 1624 πρεσὸύτου
813 1541 904 1623 ἀνδρὸς
979 1556 1018 1602 ot.
1035 1555 1091 1603 Jsm
1109 1553 1176 1603 euim
1185 1553 1247 1604 nlius
1257 1553 1381 1619 quondum
1392 1569 1475 1606 οοιιοιιι
1490 1557 1573 1610 audivi
1583 1566 1735 1613 murruntsm

117 1642 219 1714 ἤκουσα
234 1633 369 1706 διεξιόντος
380 1631 450 1699 dum<
462 1631 495 1690 τδι
507 1632 562 1690 ἐκεῖ
571 1629 717 1712 πράγματα
730 1630 800 1710 ἔχοι,
814 1631 859 1690 καί
871 1652 904 1708 με
949 1639 985 1688 uti
996 1652 1023 1689 se
1034 1652 1074 1689 res
1085 1639 1135 1690 illae
1145 1640 1275 1702 haberent3
1292 1641 1362 1704 isque
1370 1655 1411 1692 me
1425 1642 1536 1694 hortatus
1546 1651 1585 1696 est
1593 1647 1629 1697 uti
1639 1648 1671 1697 sd
1680 1659 1735 1698 sem

117 1726 280 1810 προύτρεπεν
295 1720 403 1782 ἕπεσθαί
416 1724 440 1780 ol
454 1719 518 1801 πρὸς
531 1717 578 1791 τλν
593 1719 678 1778 πόλιν·
693 1717 839 1797 ἡγήσεσθαι
850 1716 903 1800 γδιρ
949 1739 976 1777 se
989 1726 1114 1778 civitatem
1120 1741 1248 1790 οσσοοεοτς
1257 1729 1338 1791 ipsum
1345 1729 1412 1780 enim
1422 1743 1449 1781 se
1457 1733 1616 1794 praeitnrum,
1626 1736 1652 1786 et
1660 1737 1734 1787 ssu-i-

118 1815 196 1883 αὐτὸς
206 1813 259 1874 καί
276 1810 384 1870 ἐλθόντα
400 1807 540 1889 ἐγγράψειν
560 1805 606 1866 καί
620 1805 734 1888 φυλέτην
749 1805 904 1878 ποιήσεσθαι
948 1819 1046 1877 plorum
1059 1814 1154 1866 uiribus
1169 1829 1246 1879 quum
1260 1816 1426 1879 advenissem,
1438 1822 1464 1868 et
1473 1819 1587 1870 tribulem
1598 1822 1734 1885 maurum,

118 1904 164 1966 καὶ
180 1899 308 1984 φρατρίας
321 1894 483 1976 μεταδώσειν
494 1899 540 1967 τῆς
556 1897 652 1972 αὐτοῦ,
667 1897 702 1962 ὣς
717 1893 784 1974 μετδ
799 1895 904 1955 πόντων
948 1901 974 1952 u
984 1903 1058 1954 eurio
1066 1904 1127 1954 nilo
1135 1917 1187 1955 suus
1193 1905 1234 1967 ius
1242 1905 1439 1968 impertiturum,
1450 1909 1478 1957 ut
1486 1921 1542 1957 oum
1556 1911 1667 1960 οιοιιιίοιιο
1680 1911 1735 1961 lise·

118 1989 312 2070 εὐδαιμονοίην·
326 2014 337 2039 ιι
351 1985 409 2044 ἀλλ’
418 1981 646 2064 ἐγὼούπιθύμηνε
655 1983 698 2041 ὐπ’
706 1982 905 2052 ἐνοίαςκαίνεό·
949 1995 1000 2040 tsm
1016 1992 1092 2042 vitum
1103 1991 1219 2044 viverem.
1258 1997 1310 2056 Ego
1326 2007 1386 2044 vero
1396 1995 1555 2058 prssjmmili
1571 2002 1623 2046 tum
1635 1999 1733 2050 innuitis

117 2103 195 2152 τητος
205 2077 265 2137 τότε
273 2123 281 2150 ,
288 2075 341 2156 πρὸ
348 2073 536 2134 πεντεκαίδεκα
551 2071 645 2152 σχεδὸν
657 2075 731 2132 ἐτῶν·
744 2071 807 2140 ίσως
814 2071 864 2154 γὰρ
873 2071 904 2132 ἂν
950 2077 1096 2140 (quindecim
1108 2077 1157 2128 lere
1165 2078 1222 2128 unni
1233 2080 1299 2140 sont)
1311 2093 1359 2130 non
1367 2093 1423 2130 sum
1432 2082 1564 2132 obsecutus
1576 2097 1583 2131 ι
1595 2082 1658 2133 lorte
1666 2084 1735 2136 eires

119 2166 187 2228 αὐτδ
201 2167 253 2239 ἤδη
268 2164 337 2246 ἀμφὶ
350 2162 384 2222 τὰ
397 2161 543 2244 προάστεια
556 2159 602 2221 καί
616 2159 679 2243 πρὸς
693 2161 751 2228 ταῖς
763 2159 858 2229 πύλαις
871 2153 904 2234 ἦν
949 2164 1060 2228 lpssjsm
1075 2165 1192 2216 suburbio
1204 2167 1230 2216 et
1245 2166 1277 2216 sd
1285 2172 1368 2229 portus
1378 2181 1465 2218 essem.
1497 2170 1598 2220 Dleehst
1610 2177 1692 2224 sutem
1703 2172 1736 2225 ds

120 2257 161 2318 ἄν.
202 2253 302 2332 Ἔλεγε
317 2252 338 2312 δ’
351 2246 395 2312 οὐν
407 2251 468 2333 περὶ
482 2254 529 2322 τῆς
542 2248 656 2323 πόλεως,
671 2249 695 2308 εί
708 2273 738 2327 γε
752 2247 903 2328 μίμνημαι,
949 2253 1046 2302 olvitste
1061 2252 1118 2310 ills,
1136 2253 1158 2302 si
1176 2254 1359 2316 benememini,
1377 2260 1430 2305 tnm
1447 2257 1495 2306 slis
1509 2258 1601 2322 mults,
1617 2263 1670 2310 tum
1687 2261 1736 2310 iste

119 2345 189 2405 ἀλλα
208 2365 238 2403 τε
257 2339 343 2400 πολλὰ
361 2339 408 2398 καὶ
424 2338 456 2410 δὴ
474 2337 520 2397 καί
538 2337 618 2414 τάδε,
635 2343 670 2404 ὡς
688 2335 836 2415 ξύμπαντες
857 2335 904 2416 μίν
949 2339 1022 2389 etism
1034 2354 1041 2388 ε
1059 2351 1144 2390 omnes
1162 2339 1196 2388 ibi
1213 2341 1319 2390 sdvouss
1329 2355 1384 2392 esse
1395 2345 1420 2392 et
1431 2343 1579 2407 μετοιςιῖιιοι,
1595 2346 1733 2410 indigenum

119 2433 247 2504 ἐπήλυδες
258 2429 305 2488 καὶ
316 2427 384 2497 ξίνοι
395 2417 455 2498 εἷεν,
468 2425 603 2506 αὐθιγενὴς
612 2423 639 2484 δὲ
650 2425 708 2486 οὐδὲ
721 2417 769 2497 εἷς,
779 2424 847 2486 ἀλλὰ
858 2425 905 2486 καί
948 2426 1082 2487 mmioemt
1092 2427 1137 2478 ted
1148 2431 1173 2478 el
1188 2427 1304 2480 burheros
1315 2428 1340 2478 ln
1348 2429 1547 2483 adoleverunt
1556 2433 1645 2484 multus
1652 2439 1677 2485 et
1686 2448 1735 2486 ser·

121 2518 270 2602 βαρὸόρους
290 2513 507 2594 ἐμπολιτεύεσθαι
528 2511 641 2580 πολλοὺς
662 2512 708 2574 καί
734 2510 839 2580 δούλους
858 2513 904 2572 καί
949 2525 1008 2574 708,
1020 2514 1188 2576 θῑθθίθῦῦθθι
1199 2518 1225 2564 θῑ
1235 2520 1513 2580 ΡᾶΠθθιθίίδῑῦμτιοα,
1524 2521 1631 2582 usquein
1640 2520 1735 2572 univer·

119 2609 253 2688 ἀμόρφους
266 2603 312 2664 καί
323 2601 431 2684 μικρούς
444 2599 490 2662 καὶ
503 2599 634 2676 πένητας,
647 2599 692 2659 καῖ
704 2598 770 2667 ὐλως
784 2599 904 2680 μετέχειν
950 2615 1005 2652 lum
1015 2602 1094 2652 civem
1105 2615 1159 2653 esse
1178 2604 1221 2665 qui
1236 2603 1295 2653 velit
1312 2619 1319 2652 ι
1337 2603 1415 2666 legem
1426 2606 1493 2655 enim
1502 2606 1552 2656 illis
1562 2619 1629 2668 esse,
1640 2621 1689 2656 non
1703 2620 1735 2658 ex

118 2701 165 2768 τῆς
179 2693 283 2760 πόλεως
299 2691 344 2750 τὸν
364 2688 529 2770 βουλόμενον·
543 2687 588 2748 τὸν
605 2686 655 2770 γδιρ
672 2687 704 2760 δὴ
720 2687 800 2766 νόμον
819 2692 905 2758 αὐτοῖς
949 2701 1024 2738 oesstll
1032 2689 1120 2740 mibi
1131 2702 1413 2755 quenqntm,nequeex
1423 2692 1736 2754 hebitu,volslutum,nel

119 2787 167 2845 οὐκ
181 2782 236 2844 ἀπὸ
252 2779 412 2859 τιμημάτων
428 2781 560 2837 ποιεῖσθαι
573 2776 622 2848 τὴν
638 2776 772 2858 ἐγγραφὴν
786 2777 839 2836 οὐδ’
853 2777 905 2836 ἀπὸ
949 2777 1140 2840 pulchritudine,
1149 2781 1543 2844 οεηιιυοιςοιιυιο,ιουσυοο1οι1ο
1549 2795 1580 2831 ex
1587 2783 1734 2846 majoribus,

119 2871 267 2950 σχημάτων
283 2865 301 2938 ἢ
314 2864 435 2946 μεγέθους
449 2863 466 2937 ἢ
480 2864 592 2931 κάλλους
610 2864 661 2922 οὐδ’
676 2863 730 2922 ἀπὸ
746 2863 833 2942 γένους
846 2863 905 2924 οὐδὲ
950 2865 993 2915 sed
1004 2867 1107 2915 istorum
1116 2879 1161 2916 neo
1170 2867 1287 2918 rollonem
1296 2868 1370 2918 ullum
1380 2868 1462 2919 beheri
1471 2870 1536 2933 opud
1544 2870 1599 2921 illos
1609 2887 1616 2919 ι
1626 2871 1737 2922 sultioere

118 2961 251 3040 λαμπρῶν
263 2958 293 3016 ἐκ
302 2953 448 3036 προγόνων,
459 2949 530 3012 llll
538 2956 623 3010 ταῦτα
631 2949 678 3029 μὲν
690 2949 749 3012 οὐδὲ
755 2953 905 3031 νομίζεσθαι
949 2957 1030 3004 θΰίᾶῠ
1039 2954 1168 3018 unicuique
1179 2953 1211 3005 ού
1222 2956 1282 3018 hoc,
1292 2956 1398 3007 illicitis
1409 2958 1467 3020 list,
1478 2957 1645 3023 prudentiam,
1657 2963 1682 3010 et
1693 2961 1736 3010 llo-

117 3047 181 3128 παρ’
196 3046 298 3114 αὐτοῖς,
310 3045 430 3120 ἀποχρῆν
444 3039 465 3098 δ’
479 3038 583 3120 ἑκάστῳ
593 3037 658 3116 πρὸς
669 3037 699 3098 τὸ
713 3038 822 3110 πολίτην
832 3039 905 3119 γενέ-
949 3042 1013 3092 nesti
1030 3055 1153 3105 umorem,
1170 3047 1196 3094 et
1210 3044 1331 3106 ίοίιοιοειι,
1350 3047 1376 3095 ot
1392 3047 1567 3109 oonstsulism,
1584 3052 1611 3098 et
1626 3049 1735 3100 monum

119 3140 179 3194 σθαι
192 3129 296 3192 σύνεσιν
308 3127 354 3188 καὶ
364 3125 503 3204 ἐπιθυμίαν
514 3130 566 3184 τῶν
576 3127 664 3184 καλῶν
675 3125 720 3184 καῖ
730 3125 807 3186 πόνον
817 3127 864 3187 καὶ
874 3127 905 3186 τὸ
949 3132 992 3192 qul
1007 3143 1086 3194 neque
1099 3131 1171 3182 nedut
1185 3136 1291 3195 temere,
1300 3147 1380 3196 neque
1396 3135 1517 3185 molliatur
1533 3135 1554 3185 si
1569 3135 1594 3186 in
1607 3137 1695 3187 multus
1708 3137 1736 3187 in

118 3219 228 3300 λιπαρὲς
241 3218 288 3278 καί
295 3217 325 3277 εὐ
339 3214 377 3295 μὴ
385 3217 501 3274 ἐνδοῦναι
514 3212 581 3291 μηδὲ
594 3214 790 3292 μαλακισθῆναι
800 3217 906 3284 πολλοῖς
949 3219 990 3268 vis
997 3218 1148 3270 dimmlnus
1157 3220 1254 3270 inuidet.
1286 3223 1366 3284 Atque
1375 3222 1450 3284 odeo,
1460 3224 1481 3272 si
1490 3223 1546 3287 quis
1554 3225 1601 3273 istu
1611 3224 1636 3274 io
1646 3239 1673 3275 se
1681 3239 1736 3276 esse

119 3312 171 3378 τοῖς
177 3306 319 3388 δυσχερίσι
330 3302 399 3364 κατύι
406 3302 453 3374 τὴν
464 3301 522 3360 ὁδὸν
535 3300 784 3381 ἐντυγχάνοντα,όις
792 3302 862 3371 ὅστις
873 3302 905 3364 δν
950 3307 1164 3369 demonstraverit,
1183 3323 1346 3372 emensusque
1362 3315 1441 3360 totum
1457 3310 1487 3361 ud
1504 3313 1589 3362 urliem
1599 3326 1676 3376 nsque
1690 3313 1736 3365 iter

119 3403 202 3456 ταῦτα
213 3391 374 3465 {magliavus
385 3390 431 3450 καί
446 3387 562 3468 διεξελθῃ
576 3387 749 3469 πορευόμενος
764 3389 827 3470 ἄχρι
841 3389 906 3472 πρὸς
949 3395 1035 3458 luerit,
1048 3409 1106 3446 enm
1119 3396 1198 3446 nivem
1214 3409 1269 3446 esse
1285 3397 1412 3460 mutinuo,
1423 3403 1447 3449 st
1462 3412 1534 3462 eoquo
1549 3414 1606 3450 oum
1621 3401 1735 3452 omnibns

120 3483 167 3558 τ’λν
177 3483 265 3556 πόλιν,
279 3479 373 3540 αὐτίκα
389 3477 462 3556 μείλα
474 3477 585 3550 πολίτην
599 3475 661 3535 όντα
675 3481 774 3552 τοῦτον,
786 3477 856 3546 ὅστις
871 3480 903 3538 διν
947 3483 1014 3547 iuro,
1025 3483 1136 3546 quisquis
1144 3484 1236 3546 ulloqui
1250 3484 1338 3534 inerit:
1348 3485 1396 3535 ists
1405 3491 1487 3536 sutem
1496 3489 1609 3550 nomlm,
1620 3489 1735 3553 detodor,

120 3561 150 3652 ᾖ,
159 3570 205 3630 καί
217 3568 336 3646 ἰσότιμον
346 3567 438 3625 όίπασι·
446 3565 475 3624 τὸ
485 3564 513 3622 δέ
521 3562 616 3644 χείρων
628 3562 645 3636 ἢ
657 3563 781 3646 κρείττων
794 3564 811 3637 ἢ
821 3569 904 3626 εὐπα-
949 3571 1042 3633 melior,
1051 3571 1154 3634 nobilis,
1162 3571 1285 3634 ignobilis,
1294 3574 1467 3637 servus,liliur,
1474 3589 1552 3640 neque
1561 3590 1615 3628 esse
1625 3578 1735 3640 omuino,

119 3661 208 3741 τρίδης
222 3658 240 3730 ἣ
254 3655 363 3737 ἀγεννὴς
380 3652 526 3726 ἢδοῖλοςῆ
542 3651 674 3736 ἐλεύθερος
687 3653 745 3714 οὐδὲ
759 3654 826 3723 ὅλως
839 3647 905 3716 εἶναι
949 3660 1187 3725 neqnsnonlmriln
1196 3660 1339 3712 euoivitste.

120 3745 137 3818 ἢ
147 3745 271 3825 λέγεσθαι
282 3748 308 3803 ἐν
320 3748 352 3822 τῇ
365 3741 448 3802 πόλει.

159 3845 208 3896 25.
232 3835 321 3894 null.
343 3817 662 3910 Ὁρᾷς,ὐλυκῖνε,ὦςού
676 3827 764 3908 μοίτην
775 3830 834 3890 οὐδὲ
845 3832 905 3914 περὶ
982 3842 1021 3888 25.
1039 3839 1137 3888 llEllll.
1154 3837 1245 3900 Vides,
1263 3837 1366 3901 Lycide,
1389 3851 1463 3902 σοεοι
1480 3852 1529 3890 uon
1545 3841 1635 3892 mistro
1656 3855 1735 3908 neque

120 3925 221 4004 μικρῶν
239 3919 334 3997 κάμνω
350 3917 458 3989 πολίτης
473 3919 606 3994 ἐπιθυμῶν
628 3917 748 3996 γενέσθαι
765 3917 811 3978 καλ
829 3919 906 3990 αὐτδς
950 3925 1031 3988 peruls
1049 3925 1081 3976 do
1098 3925 1173 3976 relius
1190 3926 1312 3984 laborem.
1333 3927 1374 3990 qui
1390 3928 1453 3978 ulvis
1465 3929 1560 3992 mptum
1575 3929 1626 3982 lieri
1642 3934 1668 3982 et
1684 3932 1736 3996 ipss

120 4009 187 4069 οὐτω
196 4011 283 4080 καλῆς
292 4006 339 4067 καί
350 4005 501 4084 εὐδαίμονος
512 4003 627 4078 πόλεωςς
950 4013 1247 4078 pulchrmudsoetbestte
1259 4015 1380 4066 oirimtlsl

158 4100 247 4160 llll.
271 4095 325 4158 Καὶ
334 4093 386 4175 γδρ
398 4095 489 4166 αὐτὸς,
500 4083 522 4154 ὐ
533 4091 692 4174 Ἑρμότιμε,
703 4097 756 4154 τῶν
768 4097 854 4156 αὐτῶν
865 4120 906 4158 σοι
980 4106 1052 4153 Lllc.
1069 4105 1130 4152 llum
1140 4108 1234 4166 egomet
1246 4104 1377 4154 eorundem
1389 4117 1494 4168 quorum
1506 4109 1532 4155 tn
1549 4119 1631 4157 umore
1641 4106 1733 4171 llsgru:

119 4188 171 4266 ἐρῶ
183 4186 230 4246 καὶ
243 4186 291 4244 οὐκ
302 4183 372 4243 ἐστιν
386 4181 438 4242 ότι
451 4181 483 4241 όν
495 4204 540 4258 μοι
551 4205 572 4240 π
589 4181 597 4204 “
612 4180 711 4242 τούτων
726 4181 851 4261 εὐξαίμην
862 4209 906 4264 γε·
950 4205 1028 4254 nsque
1038 4194 1077 4240 est
1092 4191 1158 4253 qnod
1170 4191 1229 4240 milui
1248 4207 1299 4256 prm
1309 4192 1362 4242 istis
1373 4193 1447 4243 velim
1467 4193 1612 4257 ooutingere.
1645 4197 1671 4245 sl
1682 4197 1735 4258 qul·

119 4273 216 4332 νίσθοιι.
259 4271 294 4332 El
308 4267 355 4349 μὲν
374 4263 418 4329 οὐν
433 4267 546 4341 πλησίον
583 4293 596 4328 ν
612 4274 629 4340 ἡ
648 4269 724 4337 πόλις
742 4269 788 4328 καὶ
807 4274 906 4354 φανερὰ
950 4279 1006 4329 dem
1016 4279 1089 4342 igilm
1101 4282 1126 4328 ln
1140 4280 1275 4343 pmninquo
1285 4284 1350 4330 esset
1361 4281 1402 4330 illu
1418 4281 1518 4343 civitas,
1534 4287 1559 4332 et
1573 4283 1699 4333 meniiesls
1708 4284 1735 4335 ln

119 4361 182 4420 ἰδεῖν
195 4359 296 4431 ἅπασι,
309 4357 394 4418 ποίλαι
408 4355 449 4430 ἂν,
461 4347 489 4416 εὐ
504 4357 572 4430 ίσθι,
585 4355 667 4435 μηδὲν
682 4357 817 4425 ἐνδοιάσας
830 4359 907 4428 αὐτὸς
950 4373 1080 4430 conspectu
1091 4367 1215 4428 omnium,
1227 4367 1298 4428 olim,
1308 4368 1379 4418 uredo
1388 4369 1446 4418 mihl
1453 4405 1461 4431 ,
1473 4370 1525 4432 lpse
1538 4370 1597 4420 mirll
1606 4374 1734 4422 cunctatus

119 4448 175 4527 ᾔειν
189 4450 216 4516 ἐς
230 4445 370 4518 αὐτὴνκαὶ
384 4444 574 4522 ἐπολιτευόμην
586 4443 619 4503 ὐν
631 4449 661 4504 ἐκ
670 4447 783 4518 πολλῶ,
794 4447 851 4506 ἐπεὶ
864 4446 906 4521 δὲ,
950 4455 981 4506 sd
991 4468 1043 4506 mm
1055 4455 1230 4518 pemxissem,
1242 4458 1268 4505 st
1276 4455 1336 4505 civis
1350 4456 1414 4506 illius
1423 4469 1501 4507 essem
1510 4471 1526 4506 ο
1534 4458 1603 4521 longo
1611 4458 1666 4508 inde
1674 4463 1734 4509 tem-

119 4539 154 4604 u<
168 4540 245 4614 ὐμεῑς
262 4557 343 4616 φατε,
358 4532 390 4592 σύ
411 4557 440 4593 τε
456 4531 502 4592 καλ
522 4532 643 4600 Ἡσίοδος
656 4537 671 4591 ό
686 4533 822 4614 ῥαψῳδός,
837 4534 906 4595 πάνυ
949 4557 1016 4607 pore.
1049 4548 1132 4602 Quum
1148 4555 1221 4606 vero,
1235 4547 1314 4594 utros
1328 4543 1422 4606 dicitis,
1438 4549 1599 4608 tunempeet
1614 4546 1734 4598 lleslodus

120 4621 209 4705 πόρρω
230 4622 395 4702 ἀπῴκισται,
416 4621 517 4701 ἐνόγκη
537 4621 623 4692 ζητεῖν
644 4619 702 4680 ὁδόν
720 4644 748 4680 τε
766 4619 814 4692 τὴν
828 4622 907 4701 ἄγου-
950 4629 1547 4695 romsrolnutoridemrmiuum‚longoudmodum
1554 4633 1734 4696 sontioremote

120 4733 168 4770 σαν
181 4711 222 4770 ἐπ’
235 4709 319 4782 αὐτὴν
332 4709 378 4769 καῖ
392 4707 510 4787 ἡγεμόνα
530 4706 574 4768 τύν
589 4707 704 4790 ἄριστον.
746 4705 785 4770 Ἣ
797 4711 845 4770 οὐκ
858 4709 906 4770 oles
950 4718 1081 4779 habitetur,
1096 4708 1285 4768 neoesseestet'
1298 4719 1428 4780 domuum
1447 4717 1514 4768 duell
1529 4719 1559 4768 ud
1577 4719 1644 4769 illem
1667 4733 1730 4784 quse

121 4798 151 4858 οὐ
164 4797 343 4880 χρῆναιούτω
355 4806 452 4871 ποιεῖνς
950 4819 1016 4867 rere,
1028 4811 1054 4856 et
1063 4805 1151 4856 duosm
1159 4807 1286 4868 optimum.
1318 4807 1696 4869 Annonpntssllocugendum?

159 4889 250 4948 EPM.
272 4884 329 4947 llal
343 4888 399 4952 πῶς
410 4883 442 4943 δν
455 4883 541 4951 ἄλλως
556 4883 626 4946 ἐλθοι
639 4909 692 4958 τις;
980 4895 1077 4944 llEllll.
1095 4896 1128 4943 Et
1135 4907 1184 4956 qne
1192 4893 1239 4943 elis
1248 4894 1339 4944 milone
1348 4894 1473 4957 pervoniat
1481 4895 1584 4957 uliquis?

158 4977 247 5036 ΛΥΚ.
270 4975 375 5034 Οὐκοῦν
394 4970 454 5032 ὅσον
475 4970 523 5050 μίν
541 4972 585 5032 ἐπὶ
605 4977 646 5054 τῷ
661 4976 845 5052 ὑπισχνεῖσθαι
861 4973 906 5034 καὶ
980 4984 1052 5032 nuc.
1070 4982 1145 5043 igitur
1158 4981 1500 5044 qusummsdpromisslmes
1517 4987 1542 5032 et
1557 4982 1663 5035 solentius
1683 4996 1735 5047 pro·

121 5060 228 5142 φόσκιιν
241 5059 339 5122 εἰδέναι
349 5059 436 5131 πολλὴ
451 5059 560 5140 ἀφθονία
575 5063 627 5120 τῶν
641 5059 822 5138 ἡγησομίνων·
837 5063 903 5120 πολ·
949 5069 1093 5129 sessionem,
1109 5069 1187 5118 mults
1204 5068 1248 5119 tint
1264 5067 1353 5118 dunum
1371 5068 1448 5131 eoois
1490 5068 1561 5118 Multi
1575 5069 1638 5119 euim
1656 5069 1733 5133 netuli

121 5148 219 5231 λοῖγδρ
229 5149 331 5228 ἕτοιμοι
340 5157 512 5229 παριστᾶσιν,
524 5145 677 5228 αὐτόχθονες
689 5150 786 5208 ἐκεῖθεν
798 5147 906 5217 ἕκαστος
925 5131 928 5226 ί
949 5159 1043 5218 ostent,
1057 5157 1182 5220 indigenas
1190 5157 1311 5208 indensss
1327 5157 1430 5220 quisque
1446 5169 1473 5206 se
1488 5155 1605 5207 direntes.
1638 5156 1733 5209 sodvle

123 5227 186 5298 εἶναι
198 5238 327 5318 λόγοντιε,
369 5235 447 5304 ‘otte
460 5259 489 5316 γε
503 5235 556 5314 μὴν
567 5238 597 5295 οὐ
609 5235 659 5315 μία
672 5235 718 5295 καί
731 5241 749 5308 ἡ
765 5236 832 5308 αὐτη
844 5237 906 5318 φαί-
924 5245 927 5292 l
950 5259 999 5295 rmn
1014 5259 1063 5295 uns
1078 5250 1150 5308 sique
1162 5243 1246 5295 eodem
1262 5244 1367 5308 videtur,
1379 5243 1422 5295 ssd
1431 5243 1515 5295 multu
1531 5257 1559 5295 sc
1574 5245 1693 5307 divum,
1704 5257 1734 5296 οο
