3825 5909
130 328 203 410 ἰιι
611 342 692 403 uxr.
719 342 823 403 nnnr
850 341 936 405 nor
962 340 1111 401 orror.
1139 348 1289 401 ie-ro.
1557 342 1622 420 (ιιι,
1637 342 1763 421 m)

144 476 272 558 ἐπεγείρει
290 478 304 535 θ
318 472 398 542 καλός
413 465 481 542 οἶκος
495 472 539 533 τδν
552 472 662 551 λέγοντα
676 472 721 533 καί
734 472 925 555 προθυμότερον
948 516 950 542 γ
968 478 1046 529 taria
1061 478 1162 541 putobro
1176 490 1230 528 meo
1241 477 1362 529 dioentam
1375 482 1402 528 et
1419 478 1558 531 ataedorern
1576 481 1659 545 reddi,
1676 482 1765 544 uuus,

141 563 349 647 παρασκευάζει,
360 561 417 639 ἐμοί
430 562 500 621 δοκεῖ
512 560 542 619 τὸ
556 560 671 621 ἐναντίον
682 563 773 621 ποιεῖν·
786 562 927 633 ἐκπλήττει
947 548 951 615 ί
971 580 1026 615 maa
1040 566 1138 629 quidem
1149 567 1282 628 amtentia,
1298 566 1326 616 tit
1340 568 1487 617 oontrarium
1504 583 1511 617 ι
1530 570 1637 632 φετεελλίί
1651 571 1765 622 animae

141 652 191 735 γδρ
204 651 249 712 καῖ
263 650 338 731 φοόεῖ
352 650 398 709 καὶ
411 650 455 708 τὸν
466 648 591 729 λογισμὸν
604 649 771 731 διαταράττει
785 650 830 711 καί
843 648 926 709 δειλό-
971 654 1267 717 terret,etoogitationem
1276 654 1409 718 perturbat,
1420 656 1763 719 taeitquetimidiorem,dmrr

140 763 214 821 τερον
234 738 371 820 ἐργάζεται
390 736 579 815 ἐνθυμούμενον
597 740 633 804 ὡς
647 737 770 796 ἁπάντων
792 736 861 797 ἐστίν
885 735 928 795 αί-
970 742 1061 804 cogitat
1069 742 1423 805 omniumturpisaimumeaae,
1436 744 1665 795 ailuloooiormoso
1673 746 1761 795 habita

141 850 248 909 σχιστον
270 828 297 885 ἐν
307 824 428 908 εὐμόρφῳ
442 824 532 917 χωρίιρ
547 824 583 901 μή
599 824 701 901 ὁμοίους
719 824 855 905 φαίνεσθαι
869 821 928 891 τοὺς
950 824 952 888 !
973 845 1022 881 non
1039 830 1124 881 similis
1143 831 1166 881 ei
1182 831 1294 881 rideatur
1311 832 1396 881 oratio.
1429 831 1468 882 sie
1482 832 1548 881 enim
1563 834 1765 885 manifestissime

140 914 242 993 λόγους.
284 912 420 993 Ἐλέγχων
437 912 488 992 γὰρ
502 911 574 979 ούτός
590 935 619 991 γε
635 916 649 970 ό
663 911 858 993 φανερώτατος,
873 910 926 970 ὥσ·
973 919 1060 982 aliquis
1076 919 1282 982 depretiandatur3
1299 919 1367 970 velut
1384 919 1406 969 si
1424 920 1481 983 quis
1497 921 1570 970 amnia
1592 921 1691 971 indutus
1707 921 1764 984 pul·

139 1026 189 1084 περ
213 1000 245 1061 διν
264 1000 338 1069 εἴτις
358 1001 505 1061 πανοπλίαν
526 999 611 1072 καλὴν
635 1000 707 1066 ἐνδύς
726 999 817 1059 ἔπειτα
838 998 928 1081 φεύγοι
950 1049 952 1064 ,
972 1006 1096 1057 cherrimis
1111 1007 1198 1058 deinde
1215 1008 1291 1069 fugiat
1307 1012 1363 1057 ante
1382 1007 1456 1070 alios,
1475 1009 1544 1069 eujus
1561 1022 1649 1072 nempe
1667 1009 1767 1074 ίιιιενία

140 1090 192 1171 πρὸ
217 1095 268 1149 τῶν
293 1089 391 1165 ἄλλων,
414 1086 602 1169 ἐπισημότερος
627 1086 662 1146 ὢν
688 1088 771 1155 δειλδς
797 1087 849 1147 ἀπὸ
876 1092 926 1146 τῶν
949 1073 1071 1158 lipsisah
1081 1095 1154 1144 armis
1168 1095 1209 1143 tiat
1217 1095 1330 1157 apertior.
1363 1096 1504 1157 liooipsum
1514 1096 1664 1158 perpendens
1673 1100 1766 1148 honre·

140 1177 238 1239 ὅπλων.
280 1180 366 1237 Τοῦτο
390 1176 418 1237 δι’
437 1200 482 1254 μοι
502 1178 573 1235 δοκεῖ
591 1175 761 1254 λογισάμενος
781 1176 827 1235 καί
845 1180 859 1234 θ
882 1182 927 1235 τοῦ
972 1183 1035 1233 rieua
1056 1182 1096 1232 ille
1112 1184 1193 1231 orator
1208 1182 1268 1231 mihi
1286 1182 1382 1233 ridetur
1402 1183 1525 1231 minimam
1541 1196 1625 1233 euram
1643 1184 1761 1239 habuisse

141 1264 262 1346 Ὁμήρου
272 1266 358 1347 ῥήτωρ
369 1267 464 1332 ἐκεῖνος
476 1264 615 1345 εὐμορφίας
627 1263 766 1344 ἐλάχιστον
778 1263 927 1345 φροντίσαι,
972 1268 1172 1333 pulchritudinis,
1183 1270 1233 1319 imo
1242 1270 1323 1333 potius
1331 1270 1441 1333 imperito
1446 1270 1555 1319 omnium
1565 1271 1657 1321 homini
1665 1286 1692 1321 οε
1701 1274 1764 1322 asai-

142 1355 243 1431 μᾶλλον
253 1351 281 1411 δέ
293 1352 338 1412 καὶ
349 1354 484 1419 παντελῶς
497 1352 580 1433 ἀΐδρεϊ
590 1352 655 1433 φωτί
667 1352 759 1411 ἑαυτὸν
770 1351 927 1423 ἀπεικάσαι,
972 1358 1080 1416 milasse,
1093 1362 1120 1406 ut
1131 1357 1208 1420 ipsius
1223 1357 1374 1420 pulchritudo
1388 1358 1504 1409 orationis
1519 1363 1586 1408 tanto
1596 1359 1764 1410 admirabilior

141 1439 184 1498 ἵνα
195 1443 266 1519 αὐτῷ
278 1439 484 1521 παραδοξότερον
495 1440 618 1523 φαίνηται
629 1444 681 1498 τῶν
692 1438 777 1519 λόγων
788 1439 818 1498 τὸ
832 1439 928 1505 κάλλος
971 1458 1003 1495 ex
1012 1446 1063 1508 ipsa
1072 1444 1102 1494 ad
1111 1446 1177 1495 ittam
1187 1445 1362 1495 deformitatem
1370 1447 1683 1510 eomparationeappareret
1700 1448 1764 1499 Atio·

142 1530 173 1587 ἐκ
191 1533 236 1601 τῆς
257 1528 321 1609 πρὸς
334 1528 364 1587 τό
389 1528 564 1609 ἀμορφότερον
589 1528 737 1597 ἐξετάσεως.
780 1526 880 1593 Ἄλλως
899 1549 928 1584 τε
971 1533 1013 1596 qui
1020 1532 1339 1596 neeessarioptanedieentis
1349 1533 1426 1597 ipsius
1434 1535 1528 1584 animrra
1538 1536 1765 1600 aucupaturinspe·

142 1615 244 1695 ἀνάγκη
267 1626 342 1675 πᾶσα
360 1614 406 1674 καί
429 1615 477 1688 τὴν
503 1622 548 1676 τοῦ
569 1616 688 1693 λέγοντος
709 1618 789 1673 αὐτοῦ
813 1613 928 1674 διάνοιαν
972 1622 1116 1681 ctaeulo,et
1127 1621 1271 1683 exputatum
1286 1620 1351 1670 illam
1363 1634 1445 1671 euram
1459 1622 1573 1682 remittit,
1590 1636 1666 1686 quum
1681 1624 1765 1674 rheu

143 1706 312 1783 ἀσχολεῖσθαι
324 1704 384 1784 περὶ
399 1702 446 1775 τήν
462 1704 522 1763 θέαν
539 1705 585 1763 καί
596 1710 642 1775 τῆς
659 1703 792 1785 φροντίδος
805 1702 836 1762 τδ
850 1706 927 1782 ἀκρι-
971 1707 1025 1771 ipsa
1039 1708 1131 1771 speeies
1143 1714 1168 1757 et
1178 1708 1209 1757 ad
1226 1722 1253 1757 ae
1271 1713 1353 1769 rooet,
1365 1714 1438 1771 tique
1448 1709 1572 1761 attendere
1583 1710 1614 1761 td
1625 1711 1763 1761 ontionem

144 1788 188 1859 ὅές
207 1790 308 1849 ἐκλύειν
326 1796 372 1863 τῆς
386 1792 469 1873 ὄψεως
487 1792 679 1872 ἐπικρατούσης
700 1791 746 1851 καί
770 1791 833 1872 πρὸς
847 1788 929 1862 αύτλν
973 1808 1023 1845 non
1045 1795 1117 1847 sinat.
1151 1795 1279 1854 Quomodo
1300 1810 1357 1858 ergo
1379 1797 1430 1847 lieri
1446 1801 1528 1860 potest
1549 1801 1645 1849 utnon
1663 1800 1762 1850 omnino

144 1879 274 1955 καλούσης
292 1878 387 1961 καὶτῷ
405 1879 475 1962 λόγῳ
492 1879 632 1963 προσέχειν
644 1884 692 1941 οὐκ
712 1879 804 1953 ἐώσης.
844 1876 930 1939 Ὥστε
973 1884 1041 1933 dieu
1058 1883 1180 1944 deterius,
1195 1889 1312 1949 aucupato
1326 1884 1486 1936 cumlaudem
1499 1898 1598 1950 eorunr,
1611 1900 1668 1951 quat
1683 1887 1766 1939 riden-

143 1967 181 2035 τίς
204 1966 311 2047 μηχανή
333 1966 370 2045 μή
389 1968 449 2049 οὐχί
468 1968 573 2037 πάντως
590 1968 697 2029 ἔλαττον
713 1970 781 2049 ἐρεῖν
795 1966 872 2027 αιίτδν
884 1972 931 2040 τῆς
975 1978 1023 2036 tur,
1035 1971 1133 2023 animo?

144 2058 230 2137 ψυχῆς
244 2056 428 2139 διατριόούοης
442 2056 558 2141 περίιτδν
568 2060 619 2116 τῶν
631 2056 770 2139 ὁρωμένων
784 2054 906 2129 ἐπαινονς

188 2154 233 2206 18.
250 2144 313 2226 ΙἸἰῶ
326 2144 379 2227 γάρ
396 2144 481 2227 λέγειν
500 2142 540 2203 ότι
554 2144 600 2204 καί
618 2149 642 2205 οἱ
655 2144 782 2226 παρόντες
796 2142 870 2203 αὐτοὶ
885 2140 931 2203 καί
1008 2154 1046 2202 ta.
1064 2147 1247 2203 Omittodioera
1265 2148 1332 2214 quod
1342 2150 1388 2213 ipsi
1399 2150 1473 2201 etiarn
1483 2154 1615 2214 presentes
1632 2151 1701 2202 etad
1718 2165 1764 2201 au·

145 2256 166 2293 π
183 2232 268 2305 δςπλν
280 2233 406 2314 ἀκρόασιν
420 2233 631 2316 παρειλημμένοι
648 2230 753 2293 ἐπειδάν
767 2234 803 2299 είς
816 2233 931 2291 τοιοῦτον
975 2240 1091 2291 diendum
1102 2241 1221 2303 assumti,
1240 2253 1317 2303 quum
1328 2240 1419 2289 iuuant
1433 2240 1460 2289 in
1472 2240 1545 2290 talem
1561 2252 1658 2302 (σεται,
1670 2244 1764 2304 speeta-

188 2346 216 2381 ον
229 2321 404 2401 παρελθωσιν,
419 2322 476 2382 ἀντὶ
491 2324 626 2403 ἀκροατῶν
644 2319 735 2381 θεαταί
748 2318 933 2393 καθίστανται,
976 2332 1042 2379 tores
1053 2328 1114 2379 liunt
1128 2343 1173 2393 pro
1188 2328 1337 2379 auditoribus
1345 2345 1353 2390 ;
1365 2340 1445 2391 neque
1462 2328 1590 2391 quisquam
1609 2328 1643 2377 ita
1661 2329 1702 2379 ret
1719 2332 1766 2379 lte·

147 2410 193 2471 καὶ
206 2410 256 2489 οὐχ
269 2408 338 2471 ούτω
351 2409 503 2488 Δημόδοκος
513 2408 531 2483 ή
543 2408 650 2487 Φήμιος
668 2408 686 2480 ἢ
701 2403 850 2487 Θάμυριςή
866 2406 931 2484 Ἀμ-
980 2414 1097 2467 modoeus
1107 2420 1159 2479 est,
1170 2418 1209 2467 rel
1220 2418 1335 2467 Phemius
1346 2418 1371 2467 in
1385 2417 1500 2479 dioendo,
1517 2418 1557 2469 rel
1568 2418 1712 2482 Thamyris,
1726 2418 1767 2468 vel

147 2496 214 2582 φίων
227 2496 245 2571 ἢ
258 2496 368 2580 Ὀρφεύς
380 2522 420 2564 τις
440 2495 524 2576 λέγων
541 2496 611 2555 ἐστίν
625 2494 694 2555 ὥστε
714 2492 869 2553 ἀποσπάσαι
885 2494 933 2563 τήν
980 2505 1114 2567 Amphion,
1123 2505 1163 2555 rel
1175 2506 1288 2569 Orpheus
1299 2505 1373 2565 adeo,
1388 2506 1431 2569 qui
1442 2506 1581 2556 abstrahere
1592 2510 1698 2555 merrtem
1713 2506 1766 2555 iilo-

148 2584 264 2644 διάνοιαν
275 2586 360 2643 αὐτῶν
371 2583 423 2643 ἀπὸ
434 2588 480 2655 τής
491 2582 559 2649 θέας·
570 2585 628 2641 ἀλλ’
640 2573 685 2641 oin
694 2580 816 2653 ἕκαστος,
827 2580 933 2639 ἐπειδάν
980 2606 1035 2641 rum
1050 2606 1065 2641 a
1082 2592 1218 2655 apeoiaeulo
1236 2594 1315 2656 possit
1330 2606 1339 2644 ε
1359 2605 1444 2643 remur
1458 2593 1637 2657 unusquisque,
1655 2598 1769 2655 superato

149 2673 226 2751 μόνον
251 2672 352 2751 ίιπερύῇ
373 2670 417 2730 τὸν
434 2670 502 2743 otte,
522 2668 608 2752 ἀθρόῳ
625 2674 664 2750 τῷ
682 2670 774 2729 κάλλει
788 2668 935 2749 περιχυθεὶς
982 2679 1164 2744 solumlimine,
1177 2681 1285 2730 eonierta
1296 2680 1336 2731 itta
1346 2680 1770 2743 putehrhuuneureumrusus,ora-

148 2758 233 2837 λόγων
248 2756 295 2837 μέν
309 2758 414 2818 ἐκείνων
436 2758 453 2831 ἢ
473 2758 624 2839 ἀκροάσεως
637 2757 695 2816 ἀλλ’
714 2756 772 2817 οὐδὲ
787 2755 835 2827 τήν
849 2756 934 2837 ἀρχήν
984 2767 1073 2817 tionem
1082 2766 1225 2829 illam,sire
1231 2767 1391 2826 auditionem,
1401 2780 1446 2817 nee
1452 2768 1550 2818 omniuo
1561 2768 1644 2818 audire
1656 2768 1768 2828 ridetor;

151 2876 164 2901 ι
178 2846 260 2906 ἀίοντι
272 2846 366 2925 ἔοικεν,
383 2874 394 2899 ι
407 2845 463 2913 ὁλος
479 2844 507 2905 δέ
521 2844 585 2927 πρὸς
597 2853 651 2911 τοῖς
665 2844 804 2925 δρωμένοις
820 2844 900 2917 ἐστίν,
913 2846 935 2902 εἰ
982 2854 1026 2905 sed
1038 2859 1105 2904 totus
1116 2861 1153 2905 est
1165 2854 1190 2905 in
1201 2855 1238 2905 hia
1250 2855 1434 2919 qumvidentur,
1442 2856 1468 2904 ni
1477 2856 1600 2919 quietorte
1610 2856 1679 2919 plane
1687 2868 1769 2905 osseus

152 2934 189 3015 μή
203 2933 278 3015 τύχοι
290 2960 328 3003 τις
339 2937 474 3001 παντελῶς
490 2934 585 3015 τυφλὸς
605 2930 670 3005 diri
688 2936 715 2991 ἐν
729 2932 802 2991 νυκτὶ
815 2930 934 3013 ὥσπερή
979 2943 1023 3004 sit,
1032 2946 1168 3004 autnoetu,
1180 2943 1276 2993 utillud
1284 2944 1480 3007 Areopagitarum
1488 2943 1768 3006 oonadium,auseultet.

152 3024 178 3093 ἐξ
191 3023 288 3107 Ἀρείου
302 3022 388 3101 πάγου
404 3021 483 3103 βουλή
497 3023 598 3082 ποιοῖτο
609 3020 658 3094 τήν
670 3020 805 3101 ἀκρόασγν.

195 3123 241 3175 19.
256 3109 321 3172 Ὅτι
332 3110 382 3191 γδρ
395 3114 442 3171 οὐκ
452 3109 595 3191 ἀξιόμαχον
605 3109 689 3188 λόγοιν
703 3107 842 3191 ἷσχίιςόήει
856 3112 936 3168 ἀντα-
1016 3124 1050 3170 itt.
1066 3120 1289 3192 Nequeenimsatia
1299 3120 1380 3171 valere
1391 3122 1441 3171 rim
1450 3120 1579 3171 vorborum
1588 3120 1698 3183 ,quoties
1707 3134 1765 3170 enm

152 3200 314 3279 γωνίοασθαι
327 3199 373 3259 καί
389 3204 403 3259 ό
418 3198 552 3277 Σειρήνων
567 3204 645 3276 μῦθος
657 3198 811 3281 παρατεθεὶς
823 3202 861 3278 τῷ
876 3196 937 3278 περί
981 3209 1036 3258 risu
1054 3208 1211 3271 pugnandum
1224 3214 1278 3270 eat,
1298 3210 1410 3259 Sirenum
1427 3209 1500 3259 etiarn
1520 3208 1600 3258 tabula
1616 3222 1672 3259 euru
1690 3209 1766 3259 aliun

153 3292 204 3349 τῶν
220 3286 354 3368 Γοργόνων
376 3286 500 3355 διδάξειεν
515 3286 556 3345 ἀν·
574 3288 670 3346 ἐκεῖναι
694 3284 740 3366 μὲν
759 3284 809 3367 γάρ
827 3286 936 3358 ἐκήλουν
982 3300 1119 3360 Gorgonum
1134 3296 1266 3360 oomposita
1279 3296 1396 3347 docuerit
1426 3300 1487 3351 Nam
1498 3297 1546 3347 itha
1561 3297 1659 3360 quidem
1674 3301 1770 3360 praeter*

153 3380 213 3443 τοὺς
226 3375 426 3459 παραπλέοντας
442 3376 608 3457 μελῳδοῦσαι
622 3374 668 3434 καί
679 3373 869 3435 κολακεύουσαι
885 3378 938 3441 τοῖς
981 3386 1120 3447 navigantes
1135 3385 1272 3435 mulcebant
1290 3384 1398 3435 canendo
1415 3391 1440 3436 et
1459 3384 1579 3435 adulando
1601 3385 1764 3446 carminibus,

156 3464 258 3546 ᾄσμασι
279 3462 324 3523 καὶ
345 3462 581 3531 καταπλεύσαντας
602 3464 646 3523 ἐπὶ
666 3461 733 3523 πολὺ
746 3472 878 3542 κατεῖχον,
893 3462 939 3521 καί
983 3472 1170 3535 detinebantque
1181 3473 1310 3537 appulsos,
1322 3477 1348 3523 et
1356 3486 1425 3523 mora
1437 3474 1536 3524 omnino
1544 3472 1648 3537 quadam
1659 3487 1722 3537 opus
1732 3473 1761 3524 u-

155 3553 222 3619 δλως
235 3550 264 3611 τό
283 3550 357 3633 ἔργον
373 3553 457 3609 αὐτῶν
477 3549 559 3610 ἐδεῖτό
577 3574 645 3618 τινος
663 3550 812 3631 διατριόῆς,
830 3549 876 3609 καί
888 3548 938 3608 πού
982 3560 1060 3609 larum
1072 3560 1212 3622 indigebat:
1225 3561 1390 3623 elatiquando
1404 3562 1725 3625 aliquiapraetemarigarit,
1742 3565 1768 3611 et

156 3666 195 3708 τις
208 3637 288 3706 αάτδς
301 3638 346 3697 καί
360 3637 526 3721 παρέπλευσε
540 3638 586 3698 καί
600 3644 646 3698 τοῦ
665 3636 759 3715 μέλους
777 3637 938 3719 παρήκουσε·
983 3646 1093 3697 inaudita
1104 3649 1257 3712 pretermisit
1270 3650 1368 3699 thorum
1379 3650 1494 3699 earmina.
1526 3654 1558 3700 nt
1566 3652 1705 3712 Gorgonum
1715 3650 1768 3712 pul·

157 3729 186 3789 τὸ
200 3727 228 3787 δέ
244 3732 296 3787 τῶν
312 3726 447 3809 Γοργόνων
463 3726 558 3795 κάλλος
574 3726 623 3786 ἅτε
644 3724 792 3807 βιαιότατόν
806 3748 835 3784 τε
851 3724 880 3783 όν
895 3722 940 3783 καί
983 3736 1113 3798 ohritndo,
1133 3750 1190 3799 quie
1210 3742 1276 3787 esset
1291 3737 1464 3789 violentissima
1481 3743 1506 3787 et
1520 3738 1669 3801 principibus
1685 3738 1772 3789 animm

157 3820 211 3882 τοῖς
222 3814 403 3896 καιριωτάτοις
416 3820 461 3886 τῆς
474 3818 560 3896 ψυχῆς
574 3818 680 3893 ὁμιλοῦν
696 3812 769 3879 εὐθὺς
781 3812 866 3883 ἐξίστη
881 3810 939 3878 τούς
983 3824 1092 3887 partibus
1108 3838 1135 3875 ae
1150 3825 1296 3886 insinuaret,
1316 3826 1398 3875 statim
1415 3826 1525 3875 ridentes
1534 3832 1602 3876 extra
1613 3839 1639 3875 ae
1650 3826 1770 3890 rapiebat,

159 3900 262 3969 ἰδόντας
282 3900 328 3959 καί
344 3900 461 3982 ἀφώνους
476 3901 573 3973 ἐποίει,
588 3904 623 3969 ὥς
639 3900 665 3959 δέ
684 3904 699 3959 ό
722 3906 800 3980 μῦθος
819 3899 940 3979 βούλεται
984 3912 1771 3978 taeiehatquemutos;utrerorutilabutaaeierturrulgo,lapidei

158 3990 204 4052 καί
216 3987 335 4069 λέγεται,
356 3988 448 4048 λίθινοι
462 3988 591 4067 ἐγίγνοντο
609 3988 662 4049 ἀπὸ
677 3987 817 4066 θαύματος.
858 3987 942 4047 Ὥστε
985 4012 1036 4063 prae
1052 3999 1209 4051 admiratione
1226 4000 1322 4051 fiebant.
1353 4002 1429 4063 igitur
1448 4014 1504 4065 qum
1525 4000 1556 4051 de
1576 4014 1670 4064 parone
1690 4001 1771 4065 paullo

159 4078 205 4139 καί
216 4077 244 4137 ὃν
263 4076 327 4158 ὑπὲρ
339 4082 385 4137 τοῦ
398 4078 454 4137 ταὼ
467 4077 544 4157 λόγον
563 4068 619 4136 εἶπε
634 4075 699 4157 πρὸς
713 4080 782 4155 ὑμᾶς
794 4075 885 4156 μικρὸν
900 4075 943 4153 ἐμ·
986 4088 1085 4138 antead
1100 4102 1145 4139 ror
1156 4090 1203 4139 iate
1214 4088 1290 4151 dixit,
1302 4101 1331 4138 aa
1346 4101 1497 4152 quoquepro
1515 4102 1555 4138 me
1566 4089 1630 4138 dieta
1647 4088 1771 4139 eaaearbi·

160 4170 283 4249 προσθεν,
298 4162 363 4246 ὓτέρ
378 4170 492 4245 ἐμαυτοῦ
504 4169 622 4246 εἰρῆσθαι
636 4165 740 4242 νομίζω·
755 4163 800 4224 καί
812 4164 861 4246 γὰρ
876 4163 943 4223 ἐκεί·
988 4181 1039 4225 tror
1051 4190 1059 4224 ι
1071 4177 1160 4226 etenim
1172 4177 1236 4225 illius
1247 4176 1319 4227 etiam
1325 4176 1392 4240 quod
1401 4176 1504 4226 delectat
1513 4177 1539 4226 in
1549 4177 1628 4240 specie
1637 4176 1770 4239 inest,nun

161 4279 206 4314 νου
221 4256 247 4313 ἐν
261 4278 294 4333 τη
309 4252 380 4335 ὄψει,
399 4256 447 4313 οὐκ
466 4256 538 4334 ἐντῇ
553 4258 624 4336 φωνῇ
642 4252 672 4312 τὸ
687 4252 805 4335 τερπνόν.
850 4253 903 4313 Καὶ
922 4252 946 4311 εί
989 4264 1014 4313 in
1031 4276 1099 4313 roee.
1137 4266 1168 4314 Et
1187 4265 1209 4314 si
1226 4264 1281 4327 quir
1295 4264 1366 4327 Juxta
1385 4264 1515 4314 ooltomtoa
1532 4264 1589 4313 hine
1605 4264 1733 4315 lusciniam
1748 4270 1773 4315 et

162 4342 194 4424 γέ
206 4366 244 4410 τις
256 4340 494 4424 παραστησάμενος
507 4340 553 4413 τήν
565 4340 662 4413 ἀηδόνα
674 4340 691 4412 ή
705 4341 749 4400 τδν
767 4340 860 4401 κύκνον
875 4342 946 4424 ᾅδειν
988 4364 1091 4414 cygnum
1098 4352 1290 4415 canereJubeat,
1305 4353 1363 4403 hine
1378 4353 1533 4433 interipsum
1546 4356 1644 4402 eentum
1654 4358 1772 4403 tenentem

163 4430 280 4505 κελεύοι,
295 4429 392 4508 μεταξύ
410 4428 437 4489 δέ
449 4429 564 4513 ᾀδόντων
578 4429 743 4512 παραδείξειε
751 4430 794 4490 τὸν
811 4430 867 4489 ταὼ
881 4455 947 4489 σιω·
989 4438 1101 4488 ostendat
1122 4451 1255 4501 paronem;
1272 4439 1334 4491 bene
1351 4440 1407 4490 nori
1425 4454 1469 4503 ego
1489 4440 1646 4490 transituram
1662 4440 1693 4490 ad
1710 4442 1773 4490 hune

163 4524 271 4592 πῶντα,
292 4511 321 4578 ei
341 4510 387 4578 οἶδ’
408 4516 449 4577 δ’τι
470 4518 511 4577 ἐπ’
526 4520 623 4577 ἐκεῖνον
643 4518 855 4597 μεταθήσεταιή
873 4516 946 4598 ψυχὴ
993 4529 1113 4588 mentem,
1126 4526 1222 4589 longum
1233 4526 1499 4589 raterejnsaiaillorum
1508 4529 1628 4579 cantibus.
1660 4528 1727 4578 Adeo
1738 4529 1772 4579 in·

166 4604 257 4687 μακρδι
269 4606 370 4687 χαίρειν
380 4605 505 4689 φράσασα
521 4616 574 4675 τοῖς
589 4607 692 4667 ἐκείνων
706 4608 830 4690 ᾅσμασιν.
856 4606 948 4673 Ούτως
991 4614 1081 4665 motum
1093 4614 1151 4679 quid
1162 4628 1216 4665 esse
1226 4614 1323 4665 ridetur
1333 4629 1363 4667 ea
1371 4629 1427 4680 qum
1438 4630 1482 4681 per
1495 4616 1577 4667 risum
1592 4615 1705 4680 voluptas
1717 4628 1772 4667 oun·

166 4694 272 4775 ἄμαχόν
287 4719 311 4753 τι
324 4693 405 4753 ἔοικεν
419 4685 513 4766 εἶναιή
529 4696 561 4753 δι’
575 4696 657 4777 ὄψεως
671 4695 759 4768 ἡδονή.
993 4702 1068 4765 ungit

208 4794 256 4847 20.
277 4782 332 4843 Καί
341 4782 437 4862 ἔγωγε,
454 4786 477 4841 εἰ
493 4782 631 4862 βούλεσθε,
650 4784 769 4866 μάρτυρα
784 4783 845 4861 ύμῖν
858 4806 949 4864 παρα·
1024 4798 1064 4842 20.
1080 4795 1160 4854 Atque
1170 4804 1228 4855 ago,
1239 4792 1358 4854 struitis,
1370 4794 1457 4843 testem
1469 4791 1500 4842 ad
1513 4804 1558 4843 ros
1573 4790 1682 4856 allegabo
1694 4792 1773 4842 virum

168 4871 301 4950 στήσομαι
318 4870 396 4953 σοφὸν
410 4870 510 4950 ἄνδρα,
529 4870 556 4938 ὃς
570 4871 665 4930 αὐτίκα
682 4894 726 4948 μοι
741 4869 902 4952 μαρτυρήσει
916 4873 951 4938 ὡς
994 4879 1135 4943 sapientem,
1146 4880 1276 4943 quistatim
1283 4880 1515 4930 testimoniummihi
1525 4880 1674 4944 perhibebit,
1683 4880 1773 4939 multo,

168 4958 236 5019 πολὺ
251 4956 454 5040 ἐπικρατέστερά
468 4960 523 5017 ἐστι
536 4963 587 5017 τῶν
604 4957 767 5037 ἀκουομένων
777 4956 810 5017 τδι
820 4956 950 5037 δρώμενα,
995 4968 1182 5031 queritantur,
1200 4968 1395 5032 hisqueenuditu
1403 4969 1567 5032 percipiuntur
1580 4982 1634 5019 assa
1650 4968 1772 5019 validiora.

172 5045 227 5108 Καί
242 5070 285 5124 μοι
300 5046 331 5106 σὺ
346 5047 396 5119 ήδη
417 5050 431 5105 ό
454 5044 535 5127 κῆρυξ
555 5044 699 5126 προσκάλει
714 5044 791 5104 αὐτὸν
812 5044 951 5126 Ἡρόδοτον
994 5059 1025 5106 Et
1036 5055 1096 5106 milri
1108 5061 1135 5106 tu
1143 5055 1207 5118 jam,
1218 5069 1310 5120 pmoo,
1319 5056 1367 5106 hue
1382 5068 1443 5107 roua
1459 5058 1540 5120 ipsum
1552 5057 1701 5109 ilmodotum
1711 5060 1773 5121 Lyri

175 5130 257 5205 Λύξου
264 5132 485 5217 Ἁλικαρνασόθεν·
492 5132 604 5207 κάπειδή
616 5136 702 5202 καλῶς
711 5135 793 5221 ποιῶν
804 5132 950 5209 ὑπήκουσε,
995 5142 1072 5194 tilium
1086 5144 1261 5196 Halicarnasso
1303 5146 1335 5195 at
1350 5144 1459 5208 prande,
1479 5144 1594 5209 praelate
1608 5144 1649 5196 illa
1662 5145 1773 5211 «pridem,
