3825 5909
165 370 218 423 136
749 357 816 416 xli.
842 356 1000 417 ΧΑΡΩΝ.
1033 366 1066 417 18
1078 390 1118 403 -
1132 367 1179 419 20.
1624 361 1674 439 (ort
1687 396 1703 407 -
1717 366 1766 444 ιιι)

160 496 292 568 ποιήσειεν
306 493 401 560 ἐκεῖνος
419 489 495 562 bria
508 487 591 548 οἰκίαν
607 490 707 568 σπουδῇ
725 485 941 567 οἰκοδομούμενος
984 510 1042 549 vero
1052 512 1101 549 ιιοιι
1111 498 1182 549 iaciat
1193 500 1253 561 iste,
1266 501 1309 563 qui
1319 500 1418 551 domum
1429 502 1537 564 multer
1553 502 1670 569 (edificat,
1682 518 1767 570 opera·

160 587 207 647 καὶ
223 585 283 652 τοὺς
297 581 410 665 ἐργάτας
423 578 600 661 ἐπισπέρχων,
615 580 638 637 εἷ
651 576 730 655 μύθοι
743 576 783 635 δτι
797 582 814 649 ή
829 576 876 654 μέν
891 576 942 646 ἕξει
984 588 1080 649 riosque
1096 590 1179 649 urget,
1193 588 1214 637 si
1228 588 1350 652 didicerit,
1366 590 1427 641 bano
1440 591 1539 655 quidem
1554 593 1599 643 eibi
1614 594 1707 643 linitum
1723 595 1766 657 iri,

159 674 233 742 τέλος
242 675 352 754 αὖτῷ,ό
365 668 392 727 δὲ
401 668 461 750 ἄρτι
472 667 567 732 ἐπιθεὶς
577 666 621 725 τὸν
630 666 723 747 ὄροφον
733 665 821 724 ἄπεισι
833 670 871 742 τῷ
880 668 942 739 κλη-
983 678 1008 723 at
1028 688 1068 736 se,
1088 676 1189 727 uixdum
1209 677 1321 741 imposito
1343 682 1420 741 ιοοιο,
1439 680 1610 744 decessurum,
1631 683 1768 745 beredique

119 820 130 833 ,
161 762 263 845 ρονόμῳ
279 755 432 820 καταλιπὼν
447 753 589 814 ἀπολαύειν
602 756 695 826 αὐτῆς,
713 753 790 819 αὐτὸς
806 753 873 831 μηδὲ
887 756 942 813 δει-
984 764 1124 815 relictumm
1142 768 1169 816 ut
1184 779 1213 817 ea
1226 767 1299 817 domo
1313 768 1413 829 truatur,
1429 768 1452 818 in
1468 784 1517 833 qua
1532 784 1563 820 ne
1578 771 1653 821 seroel
1668 772 1768 835 quidem

160 844 635 923 πνήσαςδοῖθλιοςέναῦτῇςἜκεῖνος
644 840 754 923 μὲνγὰρ
768 840 941 922 όχαίρωνότι
984 851 1033 915 ipse
1045 854 1118 903 miser
1129 856 1266 905 οοιιιιινοιίι.
1298 857 1340 907 lile
1356 859 1495 923 porro‚qui
1503 858 1591 921 gaudet
1599 860 1665 924 quod
1675 873 1767 910 moson-

160 938 256 1020 ἄρρενα
268 938 351 995 παῖδα
362 933 466 992 τέτοκεν
479 933 551 1011 αὐτῷ
561 935 578 1001 ἡ
587 928 666 1007 γυνὴ,
675 930 721 988 καλ
731 928 790 995 τοὺς
799 929 888 1004 φίλους
898 928 941 987 διὰ
984 940 1034 990 lum
1050 941 1165 993 infantem
1176 958 1238 994 uxor
1250 944 1296 995 sibi
1312 948 1444 1009 pepererit,
1458 946 1560 1011 ideoque
1569 948 1660 998 amicos
1676 947 1767 1011 prolixe

158 1034 236 1086 τοῦτο
245 1028 336 1084 ἑστιῶν
346 1021 392 1081 καὶ
403 1020 518 1096 τοῦνομα
529 1016 937 1097 ποῦπατρθςπιθέμενος,είήπί-
983 1029 1069 1092 sucipit
1085 1034 1109 1080 ct
1125 1032 1200 1095 petris
1221 1046 1308 1083 nomeu
1327 1034 1349 1084 ei
1365 1034 1482 1097 imponit,
1498 1036 1519 1085 si
1536 1036 1608 1085 sciret
1628 1042 1768 1099 septennem

160 1138 240 1173 στατο
250 1118 284 1179 ὡς
298 1110 406 1183 ἑπτέτης
419 1108 554 1188 γενόμενος
565 1110 579 1164 δ
594 1110 656 1173 παῖς
669 1105 832 1179 τεθνήξεται,
846 1098 897 1186 θρα
909 1105 940 1163 ἄν
983 1130 1085 1178 puerum
1094 1134 1148 1171 esse
1156 1121 1287 1181 obiturum,
1298 1136 1357 1171 num
1368 1122 1411 1172 tibi
1420 1123 1645 1174 videturlaetaturus
1654 1139 1683 1175 eo
1694 1130 1768 1175 nato?

160 1225 201 1261 σοι
214 1201 286 1259 δοκεῖ
296 1196 398 1279 χαίρειν
414 1196 454 1253 ἐπ’
466 1196 535 1274 αὐτῷ
546 1191 714 1273 γεννωμένοις
725 1193 794 1253 ἀλλὰ
804 1193 835 1253 πθ
847 1193 940 1266 αἴτιον,
984 1210 1025 1259 sed
1036 1210 1081 1260 lroc
1090 1210 1202 1259 nimirum
1214 1210 1239 1259 in
1249 1221 1321 1259 causa
1330 1212 1368 1261 cst
1374 1246 1381 1273 ,
1391 1210 1457 1273 qnod
1468 1212 1535 1261 illum
1547 1212 1641 1263 telicem
1650 1213 1692 1262 lilii
1703 1218 1768 1264 sons

159 1293 199 1350 ὅτι
206 1291 248 1348 τὸν
260 1287 307 1367 μὲν
318 1290 476 1364 εὐωχοῦντο
488 1284 532 1356 ἐπὶ
542 1285 580 1363 τῶ
589 1282 664 1339 παιδί
675 1284 771 1341 ἐκεῖνον
784 1287 833 1365 δρᾷ
841 1282 886 1342 τὸν
895 1288 940 1342 τοῦ
984 1299 1166 1361 contempletur,
1175 1298 1272 1349 utlrletuu
1283 1302 1375 1361 patrem
1384 1298 1510 1362 olympico
1517 1301 1645 1350 certamine
1654 1302 1767 1364 victorin

159 1381 272 1450 ἀθλητοῦ
281 1374 384 1454 πατέρα
395 1378 441 1431 τοῦ
449 1368 586 1447 Ὀλύμπια
597 1371 771 1444 νενικηκότος,
782 1371 827 1430 τὸν
838 1371 941 1450 γείτονα
984 1386 1027 1437 sed
1043 1387 1163 1449 ricinum,
1177 1388 1219 1450 qui
1240 1387 1367 1450 exsequias
1380 1388 1399 1438 it
1415 1388 1511 1449 inland,
1526 1402 1575 1439 non
1589 1390 1678 1451 cernit,
1689 1404 1768 1455 neque

159 1465 187 1526 δὲ
202 1466 246 1525 τὸν
261 1463 433 1541 ἐκκομίζοντα
450 1459 480 1522 τὸ
494 1457 598 1517 παιδίον
611 1462 661 1537 οὐχ
674 1463 723 1540 &pil
736 1459 795 1519 οὐδὲ
810 1451 876 1519 οἶδεν
896 1460 941 1541 ἀφ’
984 1476 1127 1539 aoritaquo
1137 1476 1239 1526 stamine
1249 1476 1295 1539 ipsi
1300 1475 1414 1541 pendeat.
1424 1480 1479 1527 Jaru
1486 1476 1517 1527 rie
1526 1475 1615 1527 linibus
1623 1478 1767 1541 litigantium

159 1554 302 1639 σίαςοαῦτῷ
313 1550 409 1631 κρόκης
422 1546 562 1629 ἐκρέματο·
604 1546 673 1614 Τοὺς
689 1550 738 1625 μὲν
751 1546 802 1629 γὰρ
816 1546 876 1628 πορθ
889 1551 940 1605 τῶν
984 1564 1052 1615 rides
1070 1569 1174 1628 quantus
1190 1565 1221 1614 ait
1237 1578 1365 1625 numerum
1379 1566 1437 1615 item
1452 1579 1550 1627 eorum,
1567 1567 1610 1629 qni
1624 1572 1768 1617 coacervent

159 1644 225 1725 ὅρων
242 1637 441 1722 διαφερομένους
455 1641 530 1717 ὁρᾷς,
548 1634 606 1695 ὅσοι
618 1634 682 1709 εἶσὶ,
695 1636 741 1695 καὶ
754 1635 814 1704 τοὺς
825 1636 942 1714 iuvaret·
983 1654 1110 1717 ρωιιιιιε,
1119 1655 1186 1714 tum,
1196 1657 1325 1717 ιιιιιηιιιω
1337 1654 1383 1703 uui
1396 1654 1477 1717 liceat,
1486 1654 1591 1705 citantur
1605 1654 1688 1719 abib,
1705 1669 1768 1719 quos

161 1756 252 1813 ροντας
261 1728 295 1788 τδι
308 1727 450 1810 χρήματα,
466 1716 536 1798 εἶτα,
550 1725 610 1806 πρίν
624 1727 776 1784 ἀπολαῦσαι
787 1727 882 1799 αὐτῶν,
896 1749 942 1785 κα·
984 1741 1304 1793 ιηοᾱοῶχῑίωωιῃςηιῇὴης
1315 1742 1580 1795 ηηῃεῑῑηςςωὶηῑςιής,
1788 1736 1794 1747 ”

159 1818 299 1897 λουμένους
315 1817 356 1899 ὑφ’
371 1807 408 1875 ῶν
422 1806 494 1874 εἷπον
507 1816 560 1873 τῶν
574 1812 692 1892 ἀγγέλων
704 1836 734 1872 τε
747 1813 857 1873 καὶτῶν
870 1817 940 1887 ὑπη-

161 1912 251 1989 ρετῶν.

203 2010 247 2059 18.
269 1999 354 2058 ΧΑΡ.
376 1994 451 2075 ‘Opb
464 1998 547 2052 ταῦτα
558 1990 645 2051 πάντα
656 1990 776 2071 καὶπρὸς
787 1989 942 2070 ε’μαυτόνγε
1017 2008 1054 2053 te.
1072 2005 1164 2055 canit.
1181 2005 1239 2053 llaec
1252 2004 1332 2054 omnia
1348 2001 1432 2064 video,
1444 2003 1469 2053 et
1481 2002 1545 2067 tputl
1561 2002 1668 2053 animum
1684 2014 1766 2053 mcum

160 2088 239 2145 ἐννοῶ
248 2084 265 2144 ὅ
273 2110 299 2144 τι
306 2084 336 2144 τὸ
347 2083 397 2156 ήδθ
407 2086 493 2150 αὐτοῖς
501 2080 574 2162 παρὰ
582 2081 625 2141 τὸν
635 2079 691 2160 βίον
702 2079 720 2150 ἢ
731 2078 757 2139 τί
768 2078 852 2140 ἐκεῖνό
861 2085 941 2153 ἐστιν,
983 2092 1074 2155 cogito,
1084 2092 1143 2156 quid
1158 2092 1218 2155 ipsis
1228 2092 1299 2142 dulce
1310 2092 1341 2142 sit
1352 2092 1376 2141 lu
1389 2105 1462 2142 cursu
1474 2090 1532 2141 uile
1538 2127 1546 2152 ,
1558 2091 1648 2154 quidue
1662 2091 1693 2141 sil
1707 2091 1768 2141 illud

159 2166 190 2233 ού
202 2172 350 2255 στερόμενοι
362 2175 562 2252 ἀγανακτοῦσιν.
603 2167 656 2229 Ἢν
670 2174 732 2248 γοῦν
745 2166 804 2235 τοὺς
817 2169 941 2248 βασιλέας
984 2180 1128 2243 quopriunti
1142 2180 1303 2242 indignantur.
1335 2179 1457 2243 Velrcges
1475 2180 1593 2230 eorumsi
1609 2180 1664 2243 quis
1675 2180 1766 2229 iutuea-

158 2264 202 2344 ἴδῃ
216 2288 255 2329 τις
273 2264 368 2333 αὐτῶν,
387 2258 461 2341 οἵπερ
480 2257 713 2336 εὐδαιμονέστατοι
728 2247 795 2315 εἶναι
814 2258 941 2329 δοκοῦσιν,
985 2272 1031 2329 tur,
1041 2270 1082 2331 qui
1098 2282 1150 2318 esse
1164 2268 1293 2318 felicissimi
1306 2271 1444 2329 censentur,
1460 2272 1547 2331 praeter
1560 2268 1695 2317 instabilem
1704 2270 1729 2317 et
1739 2272 1768 2317 ut

160 2350 209 2420 ἔξω
224 2356 271 2409 τοῦ
287 2348 414 2409 ἀόεόαίου
430 2347 525 2414 καλῶς
544 2346 595 2428 φὴς
614 2345 762 2426 ἀμφιόόλου
778 2350 825 2417 τῆς
844 2344 940 2425 τύχης,
984 2357 1020 2407 ais
1028 2356 1156 2419 ancipitem
1167 2356 1286 2406 lunonem
1291 2391 1299 2416 ,
1309 2356 1385 2406 multo
1394 2356 1461 2419 plura
1473 2356 1587 2419 jucundis
1598 2356 1691 2417 ingrata
1703 2357 1768 2405 iure·

159 2438 242 2499 πλείω
255 2441 307 2497 τῶν
322 2436 405 2507 ἡδέων
418 2434 452 2494 ud
466 2434 562 2516 ἀνιαρὰ
576 2434 681 2515 εὑρήσει
694 2432 825 2515 προσόντα
840 2436 940 2507 αὐτοῖς,
985 2444 1036 2494 niet
1048 2445 1106 2507 ipsis
1121 2446 1214 2506 adesse,
1230 2446 1341 2506 timores,
1357 2444 1561 2507 perturbationes,
1573 2444 1641 2505 odia,
1653 2444 1766 2507 insidias,

160 2527 254 2602 φύύους
265 2526 311 2584 καί
324 2522 443 2606 ταραχὰς
456 2522 502 2581 κοιλ
517 2521 582 2600 μίση
594 2521 639 2579 καί
654 2520 794 2588 ίπιόουλθς
806 2520 852 2579 καλ
862 2518 942 2601 θργθις
984 2532 1046 2594 iras,
1069 2532 1219 2582 adulationes
1236 2547 1242 2581 ι
1260 2533 1286 2581 iu
1302 2532 1341 2582 bis
1358 2532 1422 2583 enim
1444 2532 1512 2583 malis
1530 2546 1614 2582 omnes
1631 2537 1766 2582 uersentur.

159 2615 206 2675 καὶ
222 2612 373 2680 κολακείας·
394 2611 493 2678 τούτοις
513 2609 564 2691 γὰρ
584 2609 698 2675 ἅπαντες
718 2607 836 2677 ξύνεισιν.
885 2609 942 2669 Ἐῶ
985 2620 1486 2687 Mittoluctus‚morbos,allectiones,ane
1495 2620 1768 2683 scibcetineosnequali

160 2702 242 2774 πένθη
254 2702 300 2760 καλ
309 2699 399 2767 νόσους
408 2700 454 2759 καί
461 2698 533 2769 πύθη
545 2695 709 2774 έξῖσοτιμίας
715 2695 817 2768 δηλαδή
826 2696 941 2776 ἄρχοντα
982 2710 1117 2773 jureatque
1126 2709 1151 2759 in
1163 2708 1222 2759 ulios
1235 2710 1334 2773 quosvis
1348 2709 1476 2773 imperium
1491 2714 1612 2760 exercent.
1645 2712 1714 2759 Nunc
1725 2708 1768 2759 ubi

162 2794 261 2850 αὐτῶν·
279 2788 344 2847 όπου
359 2786 386 2847 δέ
400 2786 435 2847 τὰ
446 2786 545 2846 τούτων
559 2784 676 2867 πονηρὰ,
693 2784 841 2864 λογίζεσθαι
853 2785 942 2865 καιρὸς
985 2811 1068 2860 regum
1079 2798 1179 2848 istorum
1193 2797 1297 2849 eruditio
1309 2797 1396 2847 misera
1405 2801 1456 2860 est,
1471 2804 1586 2863 exputare
1598 2796 1767 2859 commodum,

161 2870 203 2938 οἷα
219 2876 253 2936 τὰ
266 2881 317 2935 τῶν
330 2878 439 2935 ἰδιωτῶν
454 2872 550 2946 ἂνεῖη.
643 2904 649 2919 =
985 2885 1063 2948 qualis
1072 2886 1219 2951 privatorum
1229 2886 1261 2936 sit
1269 2886 1403 2936 hominum.
1692 2868 1693 2873 ἵ

203 2978 248 3027 19.
270 2963 370 3025 Ἐθελω
384 2964 407 3022 δ’
418 2955 462 3021 ούν
475 2986 529 3035 σοι,
542 2951 565 3021 ῶ
578 2961 680 3042 Ἑρμῆ,
696 2964 787 3035 είπεῖν,
800 2953 873 3043 ᾧτινι
890 2964 941 3021 lor·
1020 2979 1055 3025 19.
1072 2974 1177 3024 atenim
1190 2986 1308 3037 exponere
1319 2974 1363 3024 tibi
1373 2972 1441 3036 volo,
1451 2974 1567 3035 Mercuri,
1581 2974 1677 3023 ccrinem
1687 2973 1723 3024 rei
1736 2974 1768 3023 si·

161 3055 234 3113 κέναι
250 3076 296 3131 μοι
311 3050 400 3119 ἔδοξαν
415 3054 439 3110 οί
455 3050 588 3131 diripuerat
600 3048 645 3108 καὶ
659 3054 674 3108 δ
689 3048 742 3129 βίος
759 3049 830 3116 ἅπας
845 3052 940 3112 αιἰτῶν.
986 3062 1054 3112 miles
1064 3063 1123 3113 mibi
1133 3062 1178 3112 uisi
1189 3062 1237 3112 sint
1246 3062 1355 3113 homines
1366 3076 1499 3125 ¹eorumque
1515 3063 1627 3113 universa
1639 3062 1698 3112 rite.
1730 3065 1767 3112 Tu

160 3142 232 3215 Ἤδη
241 3141 305 3201 ποτέ
312 3138 484 3220 πομφόλυγας
494 3142 521 3197 έν
530 3134 712 3197 ύδατιέθεοίσω
722 3136 772 3196 ὑπὸ
782 3141 882 3219 κρουνῷ
892 3161 942 3196 τινι
983 3151 1031 3212 μοι
1051 3164 1108 3201 sene
1126 3151 1204 3201 bullas
1220 3150 1349 3215 aliquando
1364 3152 1390 3199 in
1404 3164 1466 3214 aqua
1476 3152 1589 3215 spectasti
1599 3151 1647 3201 sub
1659 3150 1768 3201 scatebra

161 3229 350 3310 καταράττοντι
363 3225 553 3305 ἀνισταμέναςς
566 3225 614 3293 τὰς
625 3225 785 3308 φυσαλλίδας
799 3224 881 3305 λέγω,
896 3228 940 3308 ἀφ’
985 3238 1101 3289 violenter
1115 3239 1279 3302 precipitante
1294 3240 1452 3289 exsistentes?
1461 3238 1539 3289 bullas
1552 3240 1612 3289 istas
1625 3239 1723 3302 inquam
1732 3239 1767 3288 iu·

161 3311 198 3379 ὧν
205 3316 401 3397 ξυναγείρεταιθ
412 3314 503 3396 ἀφρός·
514 3314 618 3373 ἐκείνων
627 3313 710 3373 τοίνυν
717 3313 783 3381 τινὲς
791 3314 837 3393 μὲν
850 3318 943 3397 μικραί
985 3326 1067 3389 flans,
1083 3326 1148 3377 unde
1162 3327 1254 3389 cogitur
1268 3340 1354 3390 spuma
1365 3342 1371 3375 ι
1386 3341 1469 3377 earum
1481 3326 1553 3389 igitur
1564 3327 1676 3389 quadam
1686 3340 1768 3389 parvae

162 3408 212 3465 εἰσι
223 3406 269 3464 καὶ
278 3403 373 3463 αὐτίκα
387 3404 539 3484 ἐκραγεῖσαι
551 3402 717 3476 ἀπίσόησαν,
729 3405 757 3461 αἱ
772 3403 793 3461 δ’
805 3404 850 3462 ἐπὶ
863 3406 942 3464 πλέον
985 3420 1055 3474 sunt,
1069 3428 1126 3478 quoe
1144 3415 1226 3465 statim
1242 3414 1345 3479 diruptae
1360 3416 1439 3465 solent
1454 3416 1587 3477 exstingui3
1603 3414 1658 3465 aliae
1675 3416 1768 3465 dlutius

161 3496 296 3576 διαρκοῦσι
306 3492 352 3553 καί
366 3495 576 3572 προσχωρουσῶν
590 3492 683 3558 αὐτοῖς
695 3494 748 3549 τῶν
761 3490 849 3550 ἄλλων
863 3485 941 3553 αύται
985 3503 1127 3567 perdurent,
1137 3503 1354 3566 accedentibusque
1363 3504 1416 3553 aliis
1425 3504 1464 3553 bae
1477 3503 1577 3554 mirifice
1590 3504 1678 3553 inllute
1693 3504 1768 3553 maxi·

161 3580 413 3664 ύπερφυσύιμεναιές
423 3579 544 3658 μέγιστον
554 3578 631 3657 όγκον
642 3578 775 3661 αἴρονται,
786 3570 844 3639 εἶτα
853 3581 942 3660 μέντοι
985 3592 1082 3641 nnumin
1090 3596 1208 3643 tumorem
1213 3596 1367 3652 excrescunt;
1375 3605 1421 3641 nco
1428 3594 1509 3643 ίαιιιοιι
1515 3596 1540 3642 et
1547 3592 1606 3655 ipsae
1613 3605 1660 3641 non
1670 3590 1768 3641 undena

160 3674 279 3730 κάκεῖναι
288 3669 392 3736 πάντως
404 3666 580 3749 ἐξερράγησάν
591 3690 668 3726 ποτε·
682 3670 712 3726 ού
726 3667 777 3748 γὰρ
791 3659 844 3728 οἶόν
857 3671 943 3730 τιᾶλ-
985 3687 1063 3747 ruptus
1074 3681 1302 3745 dilabuntumlraud
1311 3682 1375 3732 enim
1387 3681 1456 3731 aliter
1466 3680 1517 3730 lieri
1527 3686 1613 3743 potest.
1647 3680 1767 3742 idipsum

161 3761 212 3826 λως
224 3756 352 3837 γενέσθαι.
392 3754 480 3817 Τοῦτό
492 3757 587 3814 ἐστινό
598 3752 736 3836 ἀνθρώπου
748 3756 816 3833 βίος·
828 3756 943 3827 ἅπαντες
985 3776 1023 3822 eet
1036 3771 1141 3822 hominis
1156 3771 1205 3820 rite
1223 3786 1229 3819 :
1246 3770 1326 3821 cuncti
1340 3769 1450 3833 aspiritu
1465 3768 1570 3831 quodum
1586 3768 1766 3830 intumuerunt,

161 3845 213 3904 ύπδ
232 3844 379 3923 πνεύματος
400 3842 612 3925 ἐμπεφυσημένοι
631 3846 655 3901 οἱ
675 3842 722 3921 μέν
742 3844 857 3920 μείζους,
878 3848 941 3907 οἶδ’
985 3859 1010 3908 bi
1019 3859 1129 3920 maiores,
1140 3858 1174 3908 illi
1183 3859 1333 3918 minores3et
1342 3856 1553 3920 nonnulliquidem
1563 3856 1699 3906 brevissimi
1707 3860 1766 3905 tem·

161 3932 298 4000 ἕλοιτοος·
311 3932 357 3992 καί
367 3935 391 3991 οἱ
404 3930 451 4010 μέν
461 3930 636 4013 ὀλιγοχρόνιον
646 3930 736 4011 έχουσι
747 3932 793 3991 καί
804 3933 942 4018 ὠκύμορον
984 3948 1049 4011 poris
1058 3948 1147 3997 babent
1156 3950 1182 3997 et
1190 3947 1238 3996 cito
1246 3950 1385 4009 pereuntem
1395 3946 1550 4007 inflationem,
1560 3945 1600 3994 alii
1611 3944 1683 3994 simul
1693 3950 1766 4007 atque

160 4021 191 4081 τδ
203 4020 328 4103 φύσημα,
338 4046 361 4080 οι
375 4020 402 4079 δέ
415 4020 473 4098 ἅμα
485 4024 523 4101 τῷ
535 4020 659 4094 ξυστῆναι
668 4021 829 4082 ἐπαύσαντο·
841 4026 941 4085 πᾶσιδ·
984 4036 1114 4086 coaluerint
1123 4034 1253 4086 deliciunt:
1264 4036 1511 4085 reruumenomnes
1521 4034 1594 4084 boue
1603 4032 1675 4083 modo
1681 4035 1766 4096 ruptos

162 4101 206 4171 ούν
221 4114 402 4192 ἀπορραγῆναι
412 4111 562 4187 ἀναγκαῖον.
985 4125 1081 4174 interire
1092 4138 1190 4175 necesse
1200 4130 1244 4174 eet.

202 4202 291 4261 EPlll.
313 4199 398 4259 Οὐδὲν
414 4200 501 4280 χεῖρον
522 4198 555 4257 σθ
575 4204 621 4257 τοῦ
641 4198 761 4282 Ὁμήρου
781 4193 942 4277 είκασας,ῶ
1016 4207 1113 4255 unae.
1132 4203 1201 4255 Nulla
1212 4202 1310 4277 quidem
1326 4206 1393 4265 parte
1407 4202 1562 4262 ricemerem,
1578 4202 1766 4262 charumcom·

161 4286 268 4369 Upon,
283 4286 311 4353 ὃς
324 4285 429 4367 φύλλοις
441 4286 472 4345 τὸ
485 4285 557 4364 γένος
569 4288 654 4347 αὐτῶν
668 4292 760 4397 χροιά.
986 4265 1356 4377 ριιιφχοιιομῐιρριίιυιειίμμισιιι
1366 4264 1549 4327 Humerus,qui
1558 4277 1613 4313 cum
1622 4262 1766 4325 loliisgeuue

985 4342 1042 4378 eoru
1079 4342 1108 4376 co
1134 4342 1147 4376 e
1173 4364 1179 4377 .

202 4387 249 4435 2⁰·
272 4377 358 4435 ΧᾹΡ·
381 4374 436 4433 Καὶ
448 4374 560 4433 τοῖοῧτοῑ
571 4373 654 4448 ὄντος,
668 4400 690 4433 ‘⁰
706 4376 811 4456 Ἑρμῆ,
827 4382 888 4459 δρᾷς
899 4370 942 4437 οἷοι
1018 4406 1055 4449 20.
1074 4402 1165 4449 cliiii
1187 4396 1310 4459 Eiusmodi
1322 4410 1397 4459 quum
1408 4398 1467 4457 sint,
1480 4397 1598 4459 Mercuri,
1609 4395 1767 4459 videsouallu

162 4470 264 4522 ποιοῦσι
283 4464 329 4521 καὶ
348 4466 383 4530 ῶς
405 4465 600 4543 φιλοτιμοῦνται
620 4462 686 4543 πρὸς
705 4465 834 4536 ἀλλήλους
853 4469 942 4546 ἀρχῶν
985 4475 1160 4539 ingrediuntur,
1178 4488 1299 4538 quamque
1316 4474 1442 4525 ambitiosa
1457 4476 1609 4525 contentione
1620 4474 1682 4523 inter
1693 4487 1720 4523 se
1735 4473 1766 4523 de

162 4550 224 4633 πέρι
230 4550 276 4610 καλ
285 4553 368 4627 τιμῶν
375 4549 420 4610 καὶ
432 4549 549 4621 κτήσεσιν
558 4550 825 4633 ἁμιλλῶμενοι,ἅπερ
836 4554 942 4613 ἅπαντα
985 4554 1175 4615 magistratibus,
1189 4553 1318 4603 bonoribus
1334 4557 1358 4601 et
1368 4552 1559 4615 possessionibus
1568 4550 1703 4613 decerteut3
1715 4551 1767 4615 qui·

162 4640 357 4708 καταχπόπας
368 4638 460 4706 αὐτοὺς
473 4639 561 4710 δεήσῃ
575 4639 620 4699 ἕνα
638 4641 730 4700 ὅςοχὸ,
743 4642 852 4724 ἔχοντας
869 4644 942 4716 ἥκω,
985 4634 1031 4683 bus
1043 4636 1121 4681 tamen
1133 4631 1246 4681 omnibus
1261 4630 1362 4693 relictis,
1372 4643 1420 4678 non
1430 4630 1546 4691 effugient
1556 4630 1615 4692 quin
1631 4628 1696 4679 baud
1711 4630 1767 4692 plus

162 4732 226 4810 παρ,
243 4734 322 4806 ἡμᾶς.
364 4727 457 4787 Βούλει
476 4720 531 4799 οὖν,
549 4727 658 4810 ἐπείπερ
677 4731 716 4811 ἐφ,
734 4735 834 4811 mou
853 4731 942 4810 φαμὲν,
986 4724 1033 4760 υιιο
1050 4709 1120 4759 obolo
1137 4709 1359 4758 trabentesveniant
1375 4707 1467 4757 adnue.
1501 4708 1554 4757 Viu’
1571 4720 1639 4769 ergo,
1652 4707 1766 4770 quoniam

164 4816 313 4888 ἀναόοήσας
332 4815 499 4895 παμμέγεθες
515 4816 667 4896 παραινέσω
687 4821 774 4887 αὐτοῖς
798 4819 942 4900 ἀπέχεσθαι
984 4788 1195 4915 marsum&
1214 4790 1303 4849 quanm
1316 4789 1403 4876 imm
1429 4785 1533 4875 mmm?
1556 4798 1619 4876 W.
1634 4784 1766 4834 “dmm

929 4911 936 4931 ,
1098 4880 1145 4929 que
1157 4880 1212 4929 eos,
1225 4870 1251 4914 ut
1260 4866 1395 4914 usonem
1405 4878 1454 4915 sea
1465 4877 1533 4913 ranis
1545 4864 1680 4925 laboribus,
1689 4877 1766 4927 eoque

164 4904 212 4981 μὲν
223 4908 274 4961 τῶν
294 4905 411 4980 ματαίω*
426 4905 522 4976 '‘dm'’
543 4910 589 4975 ζῆν
605 4905 633 4963 δὲ
652 4905 693 4965 ἀεὶ
706 4905 749 4965 τὸν
764 4908 875 4967 θάνατον
891 4933 942 4992 ’‘i0
984 4942 1056 4993 modo
1066 4945 1162 5005 uiuant,
1175 4948 1203 4994 ut
1212 4956 1305 5006 semper
1319 4946 1420 4991 mortem
1433 4942 1477 4992 sibl
1490 4946 1545 4991 ante
1560 4941 1644 4991 oculos
1660 4941 1766 4991 babeant

163 4994 305 5073 ὀφθαλμῶν
316 4992 434 5101 θλθντξῑίι
444 4984 581 5072 ulman
592 4993 714 5071 μάταιαι
728 4994 754 5054 τί
763 4997 942 5058 έπωδᾶκαοο
984 5024 1101 5087 positam,
1114 5024 1148 5072 sic
1163 5036 1205 5073 eos
1220 5023 1366 5086 compellans
1380 5038 1386 5071 ι
1398 5022 1487 5084 inepti,
1503 5022 1562 5085 quid
1577 5020 1658 5071 studio
1669 5020 1723 5071 istis
1740 5020 1765 5070 in

163 5080 224 5161 ποθί
237 5085 335 5152 τοῦτοοὶ
349 5086 486 5140 Militat&
498 5081 654 5160 κάμνοντος·
668 5084 698 5141 οὖ
711 5082 763 5162 γὰρ
777 5086 803 5151 3<
816 5084 858 5143 ἆιλ
875 5084 941 5165 βιοθ-
984 5103 1056 5153 robus
1067 5104 1209 5153 abutimini?
1220 5102 1321 5153 desinite
1332 5102 1438 5163 fabgari,
1449 5101 1573 5151 nonenim
1588 5101 1612 5150 in
1623 5102 1765 5163 perpetuum

164 5173 252 5229 σεσθι·
264 5165 336 5229 οὐδέν
348 5172 401 5227 τῶν
413 5172 523 5229 ἐνταῦθα
535 5174 638 5248 σεμνῶν
653 5167 736 5231 ἀίδιόν
748 5174 827 5248 ἐστιν,
843 5175 896 5233 οὐδ’
908 5174 941 5235 δν
960 5136 965 5207 ί
986 5184 1071 5234 νίιοιίσ
1082 5184 1155 5235 :nibil
1166 5196 1250 5235 eorum
1256 5218 1263 5245 ,
1271 5196 1326 5245 quse
1335 5182 1437 5233 interris
1448 5180 1545 5231 ιιιιιιιίιιιί
1554 5180 1629 5241 liunt,
1639 5178 1760 5241 sempiter-
