3825 5909
124 426 254 506 (ιιι-πη
652 417 780 480 κνιιι.
805 419 1050 481 aruncum.
1073 431 1147 480 ι-
1167 431 1213 481 ιο.
1646 399 1650 410 ’
1677 421 1730 486 τοι

124 561 171 618 σοῖν
185 557 268 616 εἰπεῖν
282 551 322 612 δτι
337 551 354 610 θ
370 549 452 629 λέγεις
469 548 515 610 καλ
529 549 567 631 ἐφ’
586 539 622 616 οἷς
636 550 795 610 ἐπαινεῖσθαι
810 549 905 628 ἀξιοῖς,
954 558 1010 609 dem
1021 558 1135 620 allectas,
1145 559 1249 609 calabra
1259 559 1349 622 rigam
1358 561 1470 625 quidem,
1482 562 1683 626 siccumllquisse
1691 579 1735 628 pa-

126 650 216 724 γειλεα
229 640 276 720 μέν
289 663 335 699 σου
350 637 456 712 ἐδίηνεν,
471 635 592 719 ὑπερῴην
604 638 626 696 δ’
641 639 787 717 αὐχμῶσαν
799 636 909 696 καταλά-
955 646 1040 696 latum.
1070 646 1380 710 ltaqueevestigiostatlm
1391 649 1582 711 prunusdedisti,
1594 652 1738 714 quitemere

125 713 210 790 λοιπε.
257 732 404 808 Τοιγαροῦν
423 726 498 806 παρὰ
518 725 601 792 πόδας
623 724 694 792 anub<
715 725 801 792 ἔτισας
825 724 909 798 δίκην,
956 733 1080 783 audacium
1098 734 1213 784 sumseris
1223 739 1307 784 contra
1325 735 1451 786 botulum
1469 738 1638 800 necessitates,
1658 742 1740 802 paullo

124 819 263 899 προπετῶς
271 813 319 894 μὲν
326 812 519 895 θρασυνάμενος
526 812 591 893 πρὸς
599 811 645 879 τδις
655 811 798 893 ἀνθρώπων
806 812 911 892 χρείας,
957 826 1012 884 post
1022 826 1104 871 autem
1115 826 1210 871 tautum
1222 835 1271 872 nou
1281 824 1327 872 sub
1337 837 1447 886 precone
1456 825 1589 876 libertatem
1600 828 1739 889 einrsteris.

128 904 196 985 μετὰ
217 901 309 984 μικρὸν
328 900 356 960 δὲ
375 901 512 979 μονονουχὶ
532 900 583 960 ύπθ
601 899 708 982 κήρυξιν
726 900 914 977 ἐξομοσάμενος
957 908 1098 958 sertdetur
1115 909 1227 959 laudibus
1245 910 1288 958 tibi
1299 910 1423 960 bominum
1435 911 1465 960 ab
1481 914 1629 964 auusattone
1640 914 1741 964 aliomm

127 992 176 1066 τλγν
191 990 346 1072 ἐλευθερίαν.
390 989 444 1050 Καὶ
457 987 559 1070 ἐῴκειὴ
573 988 724 1068 Ἀδράστεια
736 986 793 1047 τότε
802 986 913 1046 κατόπιν
958 996 1217 1059 limentiatergotum
1232 997 1440 1049 ssmnsbdrasteu
1456 999 1618 1060 tederisisse,
1637 1007 1739 1064 quoeut·

128 1078 266 1162 ἐφεστῶσά
281 1101 320 1137 σοι
335 1079 514 1153 εὐδοκιμοῦντι
529 1077 567 1158 ἐρ’
583 1067 619 1143 οἷς
631 1075 784 1156 κατηγόρεις
797 1079 848 1134 τῶν
865 1075 914 1133 άλ-
959 1087 1015 1148 pote
1034 1086 1079 1136 dea
1099 1086 1204 1136 loturam
1220 1091 1286 1136 tuam
1297 1085 1328 1136 ad
1343 1087 1407 1136 idem
1426 1088 1481 1138 vitas
1500 1101 1576 1150 genus
1588 1092 1743 1140 mutationem

128 1171 191 1240 λων,
205 1167 354 1244 καταγελᾶν
369 1167 404 1232 ὥς
423 1163 455 1223 διν
474 1164 530 1230 θεὸς
544 1165 626 1222 εἰδυῖα
640 1161 688 1235 τὴν
706 1163 852 1240 μελλουσάν
868 1186 914 1222 σου
961 1172 1148 1236 vider·et,atque
1156 1174 1215 1223 illud
1225 1175 1384 1237 etiam,quod
1392 1189 1439 1224 non
1449 1175 1568 1239 despuens
1576 1181 1632 1226 ante
1641 1177 1744 1228 intuum

129 1261 155 1325 ἒς
166 1254 200 1314 τδ
213 1253 290 1331 ὅμοια
304 1251 453 1330 μεταόολίμ
468 1251 512 1310 καί
526 1251 566 1310 δτι
581 1253 627 1310 ούκ
640 1253 675 1318 εἰς
688 1251 730 1310 τόν
743 1249 838 1309 κόλπον
850 1249 916 1308 πτύ-
962 1261 1056 1322 sinum,
1073 1275 1198 1310 accusares
1216 1275 1258 1311 eos
1273 1262 1316 1325 qui
1331 1276 1373 1326 per
1389 1264 1510 1327 quandum
1526 1265 1629 1315 innume
1646 1266 1745 1316 variem-

131 1367 179 1410 σας
192 1341 317 1424 πρότερον
332 1339 418 1412 ἠξίους
433 1343 588 1422 κατηγορεῖν
597 1343 648 1397 τῶν
664 1335 706 1396 διὰ
715 1337 836 1404 ποικίλας
845 1334 916 1402 τινθις
963 1351 1012 1397 tem
1024 1349 1101 1398 lacere
1110 1349 1166 1398 talia
1178 1350 1332 1401 sustinerent.

130 1431 213 1510 τύχας
226 1435 335 1488 τοιαῦτα
347 1427 471 1508 πράττειν
484 1425 677 1504 ὑπομενόντων.

175 1531 202 1580 7.
227 1520 260 1578 Εἰ
269 1523 331 1595 γοῦν
343 1515 463 1574 ὑποθεῖτό
473 1538 510 1581 τις
522 1520 560 1597 τῷ
572 1515 641 1595 λόγῳ
652 1513 696 1572 τὸν
710 1512 840 1592 Αἰσχίνην
851 1509 918 1589 μετὰ
996 1527 1018 1573 7.
1035 1523 1061 1574 Si
1076 1524 1133 1586 quis
1147 1526 1221 1588 igitur
1242 1526 1289 1574 lroc
1306 1525 1475 1576 declamationi
1492 1532 1659 1590 argumentum
1677 1533 1750 1591 ponat

130 1604 178 1678 τλν
192 1603 262 1664 κατὰ
273 1611 319 1663 τοῦ
334 1602 475 1682 Τιμάρχου
487 1603 646 1681 κατηγορίαν
661 1602 738 1660 αὐτόν
757 1603 856 1659 ἁλῶναι
873 1598 918 1658 καί
965 1611 1102 1662 AEscbinem
1114 1619 1168 1674 post
1179 1613 1302 1662 Timarclri
1317 1614 1495 1663 accusationem
1507 1615 1587 1677 ipsum
1602 1616 1749 1680 deprehendi

131 1697 285 1776 φωραθῆναι
294 1691 328 1750 τδι
339 1691 416 1768 ὅμοια
424 1689 577 1770 πάσχοντα,
589 1690 669 1749 πόσον
680 1689 711 1747 ἂν
721 1689 769 1748 οἴει
783 1687 857 1768 παρδι
867 1691 919 1745 τῶν
966 1699 1096 1760 patientem
1107 1701 1195 1750 similia
1213 1715 1220 1749 ε
1240 1705 1359 1763 quantum
1374 1703 1564 1765 aspectantibus
1581 1704 1659 1752 risum
1678 1708 1750 1768 putas

130 1781 252 1863 δρώντων
261 1777 382 1860 γενέσθαι
392 1778 434 1838 τόν
446 1778 564 1856 γέλωτα,
574 1781 597 1836 εἰ
605 1782 631 1837 Τ
633 1777 744 1859 ίμαρχον
756 1774 803 1854 μὲν
813 1775 920 1847 ηὔθυνεν
965 1786 1099 1848 oriturum,
1113 1787 1133 1837 si
1145 1788 1297 1838 Timarchum
1313 1788 1412 1853 quidem
1423 1790 1448 1838 in
1456 1790 1576 1852 iudicium
1586 1795 1656 1840 νουοί
1674 1793 1706 1841 ob
1722 1806 1751 1843 es

132 1871 175 1930 ἐπὶ
191 1870 244 1936 τοῖς
257 1867 316 1926 καθ’
330 1866 401 1949 ὥραν
416 1865 625 1948 ἡμαρτημένοις,
639 1867 716 1932 αὐτὸς
730 1864 758 1922 δέ
771 1863 854 1944 γε’ρων
868 1863 919 1934 ἤδη
965 1887 1021 1936 quae
1032 1875 1124 1924 inllore
1133 1876 1500 1939 aetatispeocarerit,ipsevero
1516 1877 1566 1938 jnm
1583 1891 1656 1928 senex
1666 1879 1751 1929 eodem

131 1962 241 2016 τοιαῦτα
262 1957 298 2023 εἰς
319 1953 410 2013 teneti
430 1953 587 2034 παρενόμει;
600 1952 640 2012 Τδ
657 1952 678 2010 δ’
693 1951 752 2011 δλον
773 1949 863 2030 ἐκείνῳ
883 1953 921 2029 τῷ
966 1962 991 2010 in
1004 1961 1166 2025 sodcsignet?
1198 1967 1346 2025 lnsumma,
1358 1965 1550 2027 pharmacopolae
1567 1965 1601 2015 illi
1613 1967 1750 2028 similises,

133 2041 336 2126 φαρμακοπώλῃ
349 2041 484 2113 ἐσικας,θς
494 2039 680 2121 ἀποκηρύττων
691 2037 772 2118 βηχὸς
783 2038 922 2118 φάρμακον
966 2049 1009 2110 qui
1021 2049 1096 2098 tussis
1113 2049 1248 2100 remedium
1258 2051 1406 2113 praedicans,
1418 2057 1443 2101 et
1456 2055 1540 2101 statim
1555 2053 1710 2102 liberaturum
1720 2067 1750 2105 ss

132 2133 178 2192 καί
204 2129 302 2188 αὐτίκα
324 2127 435 2187 παύσειν
460 2127 519 2195 ταθς
541 2127 693 2206 πάσχοντας
717 2123 923 2205 ὑπισχνούμενος
967 2137 1009 2184 illa
1022 2136 1158 2187 laborantes
1171 2137 1305 2200 pollicitus,
1315 2139 1367 2201 ipse
1381 2139 1478 2188 iutuim
1490 2141 1594 2190 conuelli
1604 2141 1688 2190 atrrssi
1701 2154 1751 2192 cer·

134 2217 213 2285 αἰιτδς
228 2215 326 2295 μεταξύ
341 2216 480 2294 σπώμενος
493 2215 544 2274 bul
558 2215 640 2295 βηχὸς
653 2213 781 2296 ἐφαίνετο.
967 2228 1074 2273 seretur.

178 2320 206 2368 8.
229 2309 326 2366 Ταῦτα
344 2303 393 2379 μὲν
411 2304 456 2364 καί
473 2302 507 2362 τδι
527 2309 636 2362 τοιαῦτα
655 2301 741 2361 πολλὰ
760 2301 835 2382 ἕτερα
855 2299 922 2358 εἴποι
999 2317 1021 2361 e.
1038 2315 1097 2361 llaec
1107 2311 1179 2374 igitur
1189 2315 1215 2362 et
1229 2313 1255 2362 iu
1274 2312 1321 2362 boc
1336 2326 1423 2376 genere
1439 2314 1515 2364 multa
1526 2315 1573 2364 alla
1587 2313 1652 2366 dlcat
1662 2316 1751 2380 aliquis

134 2419 174 2462 τις
189 2395 220 2452 διν
235 2385 288 2461 οἶος
301 2392 333 2452 σὺ
348 2396 501 2471 κατηγορῶν
517 2394 543 2449 ἐν
558 2390 638 2458 ούτως
652 2391 801 2472 ἀμφιλαφεῖ
812 2393 845 2465 τῇ
858 2391 923 2446 ὑπο-
968 2399 1003 2447 tui
1014 2399 1099 2448 similis
1115 2401 1272 2450 accusatoris
1283 2406 1422 2463 argumento
1432 2401 1467 2452 ita
1485 2404 1582 2465 copioso
1598 2409 1623 2452 et
1639 2404 1704 2453 mille
1720 2404 1754 2454 di·

136 2484 205 2542 θέσει
215 2481 262 2541 καί
278 2479 372 2562 μυρίας
382 2481 428 2546 τὰς
439 2478 558 2560 ἀφορμάς
569 2475 753 2558 παρεχομένη·
768 2475 821 2555 ἐγὼ
832 2475 860 2534 δὲ
871 2476 922 2547 ἤδη
971 2487 1042 2536 cendi
1059 2489 1252 2551 opportunitates
1275 2490 1406 2552 prebente.
1445 2495 1496 2552 Ego
1514 2504 1572 2540 sero
1586 2493 1636 2553 jam
1654 2492 1754 2555 disp'mio

136 2573 228 2630 σκοπῶ
256 2568 347 2640 ἥντινα
372 2567 418 2626 καί
444 2566 590 2647 τράπωμαι
613 2565 677 2646 πρὸς
700 2563 747 2634 τὴν
771 2561 922 2640 ἀπολογίαν.
968 2576 1110 2638 quavlaad
1128 2589 1226 2626 censam
1242 2577 1369 2627 dicendum
1384 2579 1516 2640 aggrediar.
1549 2579 1673 2642 Numquid
1690 2580 1750 2643 opti·

135 2649 204 2738 Ἆρά
220 2679 265 2733 μοι
275 2655 424 2739 κράτιστον,
439 2653 666 2724 ἐθελοκακήσαντα
679 2653 724 2710 καὶ
738 2649 771 2709 τδι
783 2655 853 2709 νῶτα
866 2653 923 2708 ἐπι·
969 2676 1035 2712 mum
1054 2664 1128 2712 luerit
1144 2669 1229 2726 sponte
1241 2678 1281 2714 me
1298 2665 1454 2714 succumbere
1472 2670 1498 2715 et
1514 2671 1608 2727 tergum
1628 2668 1751 2729 praebere,

137 2742 286 2824 στρέψαντα
301 2742 347 2802 καί
361 2743 458 2800 ἀδικεῖν
477 2744 524 2800 οὐκ
539 2738 696 2820 ἀρνούμενον
714 2738 757 2797 ἐπὶ
771 2737 819 2810 τὴν
836 2736 924 2807 κοινλν
971 2764 1016 2800 nec
1034 2765 1120 2813 negare
1136 2753 1273 2815 peccatum,
1289 2752 1332 2802 sed
1343 2754 1374 2801 nd
1389 2767 1543 2802 communem
1561 2753 1625 2803 illam
1641 2754 1753 2816 depreca-

137 2831 240 2902 ἐκείνην
259 2829 404 2907 ἀπολογίαν
422 2830 582 2910 καταφυγεῖν
596 2869 633 2884 .-
646 2828 714 2904 λέγω
731 2826 757 2885 δὲ
771 2825 819 2897 τὴν
831 2824 924 2904 Τύχην
972 2839 1060 2887 tionem
1071 2839 1211 2902 conlugere3
1220 2843 1348 2890 Fortunam
1364 2840 1432 2900 diro,
1448 2846 1473 2891 et
1491 2845 1602 2901 Paruum,
1614 2844 1638 2892 et
1653 2846 1754 2903 Futum;

137 2919 182 2980 καί
195 2923 298 2996 Μοῖραν
313 2917 359 2976 καί
371 2915 543 2997 Εἱμαρμένην
555 2949 593 2958 -
604 2914 650 2974 καί
663 2915 847 2994 παραιτεῖσθαι
861 2935 924 2991 συγ·
970 2939 998 2974 no
1006 2940 1088 2988 rugare
1097 2929 1193 2976 venum
1204 2928 1249 2976 lros
1262 2927 1304 2990 qui
1317 2941 1357 2976 rue
1368 2927 1554 2991 reprehendant,
1573 2943 1648 2991 quum
1661 2930 1752 2991 sciant,

138 3007 247 3088 γνώμην
265 3005 335 3085 ἔχειν
351 3029 395 3082 μοι
406 3004 465 3071 τοὺς
480 3007 656 3080 ἐπιτιμῶντας
666 3000 764 3068 εἰδότας
776 3006 811 3068 ῶς
825 2999 926 3065 οὐδενὸς
970 3013 1059 3062 nullius
1074 3015 1108 3062 rei
1123 3027 1195 3076 penes
1212 3027 1257 3063 nos
1270 3015 1394 3065 arbitrium
1410 3029 1476 3075 esse,
1496 3015 1540 3065 sed
1556 3029 1572 3064 ο
1591 3018 1755 3079 prestantius

138 3101 216 3174 ἡμεῖς
225 3094 321 3174 κύριαι,
337 3093 395 3151 ἀλλ’
405 3092 455 3151 ὑπό
464 3115 531 3158 τινος
544 3089 700 3170 κρείττονος,
716 3088 853 3168 μᾶλλονδὲ
865 3097 926 3166 μιᾶς
971 3103 1069 3160 nutura,
1078 3106 1121 3150 aut
1130 3101 1250 3164 potiusab
1262 3115 1402 3152 unaenrum
1411 3117 1472 3166 quas
1481 3102 1649 3165 praediximus,
1658 3105 1695 3166 agl
1705 3117 1754 3154 non

138 3189 192 3244 τῶν
207 3179 404 3264 προειρημένων
421 3179 538 3258 ἀγόμεθα
553 3181 602 3258 οὐχ
615 3177 728 3250 ἑκόντες,
744 3178 801 3236 ἀλλ’
816 3175 927 3234 ἀναίτιοι
972 3193 1057 3250 sponte
1072 3193 1167 3250 nostra,
1178 3189 1220 3238 sed
1233 3195 1301 3238 οιιῑτο
1315 3203 1414 3239 τευτευ]
1432 3189 1586 3253 undiquaque
1596 3192 1756 3252 constitutos,

139 3270 309 3329 παντάπασιν
319 3267 390 3332 ὄντες
400 3266 418 3325 θ
428 3265 460 3324 δν
467 3265 585 3343 λέγωμεν
598 3265 756 3342 ἢποιῶμενς
766 3263 783 3335 ἢ
793 3270 869 3322 τοῦτο
880 3260 928 3340 μὲν
972 3276 1086 3338 quicquid
1101 3277 1210 3327 dicamus
1226 3278 1388 3329 lactamusve?
1406 3285 1444 3329 Au
1464 3281 1535 3342 plane
1555 3281 1601 3329 boc
1618 3281 1754 3343 plebeium,

140 3357 237 3434 κομιδῇ
253 3353 392 3423 ἰδιωτικὸν,
404 3353 449 3413 καί
464 3354 516 3411 οὐδ’
534 3351 564 3410 δν
582 3350 612 3410 σύ
632 3373 678 3428 με,
693 3341 846 3433 ώφιλότης,
862 3349 928 3408 ἀνά·
974 3366 1002 3411 ut
1017 3377 1095 3426 rioquc
1107 3371 1133 3415 tu
1145 3378 1195 3425 me,
1210 3366 1300 3427 amice,
1314 3366 1390 3427 ieras,
1403 3367 1475 3416 talem
1485 3367 1678 3417 detensionemsi
1693 3381 1753 3430 prae·

142 3468 218 3524 σχοιο
231 3441 356 3514 τοιαύτην
369 3440 511 3519 ἀπολογίαν
525 3439 717 3522 προϊσχόμενον
729 3439 775 3497 καὶ
787 3438 928 3518 συνήγορον
975 3449 1085 3511 tendam,
1103 3456 1129 3501 et
1149 3455 1283 3504 Homerum
1306 3453 1452 3504 aduocatum
1472 3454 1601 3516 aseiscm,
1619 3468 1757 3518 rususque

141 3532 186 3590 τὸν
199 3529 324 3610 Ὅμηρον
336 3528 579 3611 παραλαμθάνοντοι
595 3529 641 3588 καί
654 3526 688 3588 τδι
703 3527 800 3587 ἐκείνου
813 3526 865 3599 ἔπη
880 3531 929 3608 ῥα·
975 3537 1040 3589 illitis
1050 3538 1163 3600 recitem,

141 3621 296 3701 ψιμδοῦντα,

222 3759 313 3820 Μοῖραι
324 3757 345 3805 δ’
359 3753 439 3805 ούτινά
448 3772 505 3820 φημι
517 3755 661 3820 πεφυγμένον
674 3753 885 3818 ἐμμενοιίινδρῶν,
1029 3752 1111 3796 Fatum
1121 3751 1228 3809 equidem
1239 3751 1331 3800 nullum
1339 3752 1392 3800 dlco
1401 3753 1509 3811 eliuglsse
1519 3755 1638 3811 vlrorum;

142 3879 190 3939 καί
204 3879 236 3939 τδ
976 3883 1002 3930 et
1010 3879 1082 3942 illud,

255 4017 383 4080 Γεινομένῳ
395 4015 493 4074 ἐπένησε
503 4015 568 4080 λίνῳ,
579 4015 617 4064 ὅτε
630 4032 668 4078 μιν
677 4015 730 4064 τέκε
740 4015 824 4078 μήτηρ.
1030 4016 1138 4061 tiuscentl
1149 4016 1224 4072 uerit,
1234 4017 1333 4072 genitrix
1347 4028 1421 4074 quum
1430 4016 1538 4064 tunderet
1549 4019 1609 4064 alvo.

184 4163 213 4212 9.
228 4151 263 4209 Εἰ
278 4147 306 4206 δὲ
318 4153 409 4206 τοῦτον
423 4145 496 4228 &ptis
506 4144 551 4204 riv
563 4143 640 4224 λόγον
654 4149 690 4211 ὡς
703 4146 733 4204 οὗ
748 4143 818 4204 alvu
832 4143 933 4212 ἆξῑὸπῑ·
1009 4161 1033 4206 9.
1052 4156 1094 4205 Sin
1106 4155 1187 4206 relicta
1195 4156 1242 4206 bac
1250 4158 1358 4206 oratione
1370 4159 1620 4220 tanquamnonvalde
1630 4159 1760 4223 pmbabtli,

144 4259 206 4298 σταν
228 4237 312 4295 ἐκεῖνο
332 4233 454 4311 λέγοιμι,
474 4232 541 4311 μήτε
561 4233 612 4291 ὑπὸ
632 4231 778 4314 χρημάτων
800 4231 867 4308 μήτε
888 4233 933 4291 ὑπ’
979 4239 1038 4290 θΙυθ
1050 4240 1142 4301 dicam,
1155 4254 1194 4290 me
1210 4255 1287 4304 neque
1302 4243 1437 4305 apecuniae
1454 4257 1532 4307 neque
1543 4244 1630 4294 abolla
1648 4245 1761 4306 ingenus

145 4325 229 4395 άλλης
242 4323 311 4389 τινός
323 4321 426 4388 ἐλπίδος
436 4320 558 4392 τοιαύτης
572 4319 718 4386 δελεασθείς
732 4323 877 4390 ὑποστῆναι
887 4318 934 4389 τλν
979 4328 1109 4390 cupiditate
1127 4329 1246 4390 illectum,
1265 4329 1366 4380 subiisse
1387 4336 1530 4393 praesentem
1546 4333 1698 4390 convictum,
1717 4333 1759 4383 sed

144 4419 284 4492 παροῦσαν
304 4408 452 4479 συνουσίαν,
471 4406 541 4467 still
559 4407 607 4478 τὴν
629 4404 731 4466 σύνεσιν
750 4406 795 4465 καί
815 4405 934 4486 ἀνδρείαν
979 4414 1126 4476 pmdeutiae,
1142 4414 1289 4465 tortitudinis
1303 4417 1328 4466 et
1343 4417 1545 4478 magnanimitatis
1562 4417 1587 4465 iu
1598 4417 1645 4466 lroe
1658 4417 1759 4468 viroad·

144 4501 190 4560 καὶ
210 4497 384 4578 μεγαλόνοιαν
406 4501 451 4556 τοῦ
473 4495 565 4577 ιίνδρδς
585 4495 723 4572 θαυμάσας
741 4495 863 4564 ἐθελῆσαι
880 4517 935 4552 xor·
980 4502 1105 4552 miratione
1116 4501 1223 4553 voluisse
1239 4503 1264 4552 in
1274 4505 1466 4554 communionem
1483 4503 1564 4554 tenire
1574 4504 1631 4553 talis
1643 4505 1708 4554 illius
1722 4519 1760 4555 ac·

145 4593 263 4659 νωνῆσαι
277 4585 398 4668 πράξεσιν
409 4587 447 4665 τῷ
459 4583 581 4664 τοιούτῳ,
594 4582 697 4642 δέδοικα
710 4581 747 4659 μὴ
758 4582 822 4661 πρὸς
833 4587 865 4661 τῇ
878 4585 935 4640 ἐπι·
980 4595 1050 4639 tuum
1065 4604 1072 4638 ι
1085 4591 1168 4639 metuo
1181 4603 1213 4638 ne
1228 4589 1259 4638 od
1270 4590 1410 4639 intentatam
1424 4590 1600 4640 accusationem
1617 4589 1760 4640 adulationis

147 4674 278 4757 φερομένη
290 4671 436 4752 κατηγορίᾳ
449 4671 588 4738 κολακείας
601 4670 687 4730 αἰτίαν
698 4669 855 4750 προσλαόών
867 4661 935 4751 κᾷτα
980 4677 1176 4740 insupercrimeu
1185 4678 1294 4738 subeam,
1304 4677 1515 4740 depmlrendarque
1523 4677 1600 4736 slavo,
1608 4676 1673 4739 quod
1683 4677 1760 4737 nunt,

147 4765 312 4846 cupissemus
331 4761 403 4842 ἥλῳ,
422 4760 511 4842 φασίν,
527 4761 657 4842 ἰκκρούων
671 4758 715 4818 τδν
729 4751 802 4830 ἧλον,
816 4758 861 4816 καί
878 4757 936 4835 μεί-
980 4767 1074 4815 οΙονυια
1083 4766 1182 4827 eiicere,
1192 4765 1277 4828 majori
1286 4765 1384 4828 quidem
1396 4767 1526 4824 minorem,
1538 4764 1563 4812 in
1576 4763 1760 4827 quantumadu·

149 4852 203 4922 ζονί
222 4877 253 4932 γε
274 4852 319 4910 τὸν
343 4847 527 4930 σμικρότερον,
548 4849 602 4928 ὅσῳ
625 4846 749 4906 κολακεία
771 4850 824 4904 τῶν
849 4846 935 4905 ἄλλων
980 4851 1038 4900 latio
1049 4852 1167 4901 malorum
1176 4850 1284 4899 omnium
1295 4850 1440 4912 reliquorum
1451 4847 1557 4898 maxime
1563 4848 1649 4898 servile
1661 4861 1728 4912 csse,
1735 4853 1761 4899 et

149 4940 274 5000 ἁπάντων
291 4941 381 4998 κακῶν
396 4936 426 4994 τό
444 4934 701 5015 δουλοπρεπέστατον
716 4925 781 4992 εἶναι
796 4933 934 5013 καὶταύτῃ
980 4938 1027 4987 boc
1038 4938 1092 5000 ipso
1102 4937 1199 4986 nomino
1209 4935 1354 4998 pessimum,
1364 4933 1509 4998 pertubatur.

150 5029 280 5110 χείριστον
292 5025 453 5102 νενόμισται.

191 5127 237 5176 1⁰.
259 5115 295 5176 Τί
310 5105 356 5174 οθν
371 5113 452 5183 ἄλλο,
465 5112 487 5168 εἰ
501 5109 568 5186 μήτε
580 5113 664 5168 ταῦτα
676 5107 743 5186 μήτε
755 5111 840 5167 ἐκεῖνα
852 5107 936 5185 λέγειν
1015 5125 1051 5169 to.
1069 5117 1134 5177 Quid
1149 5117 1230 5179 igitur,
1242 5117 1262 5166 si
1271 5129 1350 5179 neque
1359 5115 1412 5164 buc
1423 5125 1502 5176 neque
1510 5112 1551 5162 illa
1561 5113 1662 5163 dicenda
1677 5115 1759 5166 siden·

152 5204 233 5280 δοκεῖ,
245 5199 390 5263 θπολοιπόν
399 5201 471 5259 ἐστιν
481 5196 499 5270 ί,
508 5200 644 5277 ὁμολογεῖν
659 5195 726 5274 μηδὲ
737 5194 764 5255 ἰν
776 5194 844 5275 ὑγιὲς
856 5198 936 5256 εἰπεῖν
983 5209 1032 5267 tur,
1050 5203 1115 5254 allud
1126 5202 1278 5267 relinquitur,
1295 5215 1369 5263 quam
1381 5202 1410 5252 ut
1428 5198 1542 5250 mubtcar
1555 5199 1615 5250 nibil
1632 5202 1761 5264 quiequam
