3825 5909
1426 416 1434 446 l

138 471 329 552 (rr·,se-so)
606 467 674 528 xo.
702 466 788 527 rao
812 464 1096 527 luseramus.
1126 474 1269 527 οι-ει.
1688 484 1745 537 ue
1826 435 1831 448 ’

137 596 291 681 θψηλοτίριρ
304 598 459 678 ἐχρησάμην
474 598 512 678 τῷ
525 595 734 678 παραδείγματι,
754 600 832 657 τοῦτο
852 598 921 655 orro-
965 603 1092 653 laudatura
1103 604 1277 665 nsesmrium,
1290 605 1398 669 exemplo
1411 618 1531 656 usussum
1548 607 1645 670 altiore,
1657 610 1751 660 ratione

137 685 264 754 όαλόντος
276 690 323 745 τοῦ
336 684 427 764 λόγου.
967 691 1013 741 hoe
1022 690 1074 754 ipsa
1083 690 1231 753 subjiciente.

178 786 228 837 20.
251 773 329 835 ’Erat
349 771 378 833 δὲ
398 772 444 833 καὶ
464 772 602 839 κολακείας
622 773 798 851 ἐπεμνήσθης,
816 770 856 830 δτι
874 770 921 850 μέν
1000 784 1037 829 to.
1056 777 1255 842 Quandoquidem
1264 784 1344 829 sutem
1354 780 1497 830 adulationis
1507 782 1651 833 mentionem
1664 783 1751 844 iecisti

138 862 185 923 καλ
199 861 232 922 σθ
247 865 332 941 μισεῖς
342 860 402 929 τοὺς
412 860 580 933 κολακικσθς,
592 862 691 919 ἐπαινῶ
703 858 751 939 μίν
763 882 808 933 σε,
817 860 862 920 καὶ
875 860 923 917 ota
967 865 1096 929 quododio
1105 866 1179 917 hahes
1188 867 1338 930 adulatores,
1347 868 1419 919 laudo
1429 874 1452 919 te
1460 870 1571 933 equidem
1579 909 1587 934 ,
1596 886 1674 936 neque
1682 874 1755 925 aliter

139 954 221 1032 ἐχρῆν
239 951 336 1017 άλλως.
380 949 482 1011 Ἐθίλω
497 948 526 1009 δέ
540 972 581 1008 σοι
595 950 726 1031 διακρῖναι
743 948 789 1009 καὶ
810 946 922 1029 διορίσαι
967 953 1100 1017 oportebat.
1134 956 1194 1005 Volo
1205 960 1285 1005 auteur
1296 955 1341 1005 tihi
1354 956 1404 1018 iam
1420 958 1553 1009 disosmere
1569 952 1597 1009 ao
1613 960 1681 1011 linire
1698 966 1752 1011 tum

138 1038 170 1099 τό
182 1044 266 1099 τετοῦ
280 1040 446 1104 ἐπαινοῦντος
457 1037 531 1116 ἔργον
543 1035 590 1097 καί
603 1036 651 1108 τδν
664 1042 711 1097 τοῦ
722 1036 925 1115 κόλακοςθπερ-
968 1041 1087 1092 laudantis
1096 1048 1232 1106 opus,tum
1242 1044 1373 1094 adulatoris
1382 1058 1517 1095 excessum.
1550 1048 1754 1110 Adulatorigitur,

140 1124 232 1198 ὀολην.
274 1124 309 1186 ‘0
323 1124 371 1202 μὲν
387 1115 432 1184 eds
446 1124 528 1193 κόλαξ
546 1124 592 1183 dra
612 1129 661 1197 τῆς
678 1124 769 1206 χρείας
781 1124 859 1184 ἕνεκα
877 1128 924 1194 ιῆς
968 1130 1057 1193 quippe
1073 1130 1116 1192 qui
1132 1144 1182 1180 suae
1197 1132 1274 1194 ipsius
1286 1132 1394 1182 utilitatis
1407 1146 1480 1183 eausa
1491 1134 1585 1197 laudet,
1597 1136 1703 1186 veritatis
1715 1149 1754 1186 su·

140 1218 236 1273 ἑαυτοῦ
256 1215 380 1285 ἐπαινῶν,
402 1212 526 1285 ἀληθείας
542 1212 570 1270 δέ
592 1212 683 1291 ὀλίγην
703 1211 856 1290 ποιούμενος
875 1208 925 1281 την
969 1218 1019 1263 tem
1034 1228 1133 1277 parvam
1145 1215 1275 1266 admodum
1290 1230 1372 1269 euram
1387 1220 1487 1283 haheat,
1504 1223 1687 1284 supramodum
1703 1224 1753 1274 lau·

140 1300 275 1383 πρόνοιαν,
295 1301 400 1359 ἅπαντα
414 1301 596 1380 ὑπερεπαινεῖν
609 1300 693 1359 οἴηται
707 1302 770 1373 δεῖν,
784 1296 925 1379 ἐπιψωδό-
969 1300 1138 1354 dsudaoeuset
1148 1305 1243 1365 omnis,
1254 1306 1372 1355 mentiens
1383 1306 1487 1369 plurima
1497 1322 1526 1358 ao
1538 1309 1569 1359 de
1585 1323 1630 1359 suo
1648 1311 1755 1373 addens,

142 1412 219 1464 μενος
236 1389 283 1448 καλ
297 1387 443 1469 προστιθείς
455 1388 519 1469 παρ’
536 1391 617 1447 αὑτοῦ
630 1387 665 1447 rt
678 1387 777 1459 πλείω,
791 1392 826 1454 ὡς
841 1386 878 1465 μὴ
893 1384 925 1445 άν
970 1393 998 1439 ut
1007 1401 1086 1453 neque
1097 1391 1222 1441 Thersiten
1233 1393 1324 1443 Achille
1335 1395 1494 1456 pulchriorem
1509 1398 1669 1460 pronuntiare
1680 1400 1756 1462 pigre·

142 1479 252 1546 ὀκνῆσαι
265 1474 367 1535 καὶτὸν
381 1474 514 1556 Θερσίτην
530 1475 717 1557 ιόμσρράτιρον
731 1477 865 1556 ἀπυρῆναι
877 1478 926 1532 τοῦ
970 1479 1020 1538 tur,
1029 1481 1055 1527 et
1065 1480 1190 1529 Nestorem
1199 1478 1263 1529 disat
1273 1494 1369 1542 eorum,
1379 1482 1460 1544 quisti
1470 1484 1541 1533 ilium
1550 1490 1697 1547 pugnarunt,
1709 1498 1756 1535 ma·

143 1562 285 1642 Ἀχιλλέως
296 1564 343 1623 καὶ
352 1564 397 1623 τδν
411 1564 530 1643 Νέστορα
544 1563 625 1645 ράναι
637 1567 690 1621 τῶν
701 1561 835 1623 ἐπλῚλιυν
846 1584 926 1642 στρο-
972 1564 1036 1613 xime
1049 1565 1163 1629 iuvenem
1175 1566 1250 1617 tuisse
1267 1568 1401 1632 :iuraverit
1411 1572 1492 1620 autem
1504 1572 1576 1621 etiam
1592 1574 1669 1623 crmsi
1681 1576 1756 1623 tilium

143 1648 293 1711 τιυσάντωγ
305 1650 350 1711 τὸν
361 1651 490 1710 νεώτατον
511 1642 586 1710 εἶναι·
608 1651 760 1727 διομόσαιτο
780 1651 802 1707 δ’
829 1648 861 1708 ἂν
881 1646 927 1707 καὶ
970 1653 1054 1703 ludite
1072 1654 1167 1704 acutius
1184 1655 1347 1719 Melampode,
1366 1661 1391 1706 ei
1410 1659 1526 1708 Phineum
1546 1662 1640 1709 &culitis
1661 1674 1758 1711 cernere

143 1738 188 1799 τὸν
209 1739 322 1819 Κροίσου
335 1741 419 1799 παῖδα
432 1738 622 1820 ὀξυηκοώτερον
634 1729 701 1797 εἶναι
714 1743 761 1797 τοῦ
776 1734 927 1814 Μιλάμπσ-
972 1742 1079 1800 Lyncum
1092 1740 1165 1791 modo
1175 1741 1314 1793 lucritaoere
1322 1744 1414 1807 aliquid
1423 1746 1546 1797 meudaoio
1555 1761 1600 1797 suo
1610 1753 1695 1810 speres
1727 1754 1758 1799 ht

145 1826 188 1893 δος
206 1826 253 1886 καὶ
266 1826 312 1886 τδν
327 1826 414 1887 Φηνέα
427 1825 547 1908 ὀξύτερον
561 1825 710 1908 δεδορκέναι
727 1831 772 1885 τοῦ
789 1823 927 1903 Λυγκέος,
972 1826 1095 1889 alter,qui
1106 1827 1220 1891 idipsum
1244 1842 1325 1893 usque
1336 1833 1406 1895 lacit,
1418 1839 1445 1883 ut
1454 1834 1545 1905 laudet,
1558 1848 1604 1885 uon
1612 1836 1652 1885 ille
1660 1835 1758 1899 quidem

144 1914 228 1997 ἤνπερ
240 1914 317 1993 μόνον
331 1915 456 1998 κερδᾶναί
469 1910 854 1997 τςὲλπίσῃὲπδτῷψηύημηξς,
895 1912 928 1972 Ὁ
971 1914 993 1963 is
1002 1919 1039 1964 ast
1049 1915 1091 1976 qui
1100 1915 1230 1965 mentiatur
1240 1917 1369 1981 quiequam
1379 1920 1418 1968 rel
1433 1920 1506 1971 addat
1516 1935 1680 1985 eorumdum
1690 1924 1758 1985 plane

146 2000 176 2061 δέ
189 2026 220 2082 ‘l‘
234 2002 298 2062 αὐτὸ
313 2009 391 2063 τοῦτο
405 2007 518 2062 ἐπαινῶν
534 2006 585 2082 οὐχ
597 2002 668 2069 ὅπως
681 2003 735 2061 οὐδ’
753 2000 785 2060 δν
803 1998 929 2082 ψεύσαιτό
972 2014 1019 2050 uua
1028 2000 1130 2063 adsuut;
1143 2001 1186 2054 sed
1197 2016 1252 2065 quae
1265 2009 1350 2053 tratura
1361 2006 1397 2056 illi
1413 2007 1475 2057 hona
1491 2010 1586 2071 insunt,
1602 2010 1695 2060 etiamsi
1711 2024 1758 2061 nou

145 2114 172 2149 τι
185 2089 339 2172 ἢπρυοθείη
351 2096 403 2150 τῶν
417 2089 485 2169 μηδὲ
498 2089 565 2159 ὀλως
584 2090 743 2172 προσόντων,
756 2090 790 2149 τὰ
803 2089 827 2148 δ’
840 2088 929 2169 ὑπάρ-
972 2087 1043 2137 uimis
1053 2101 1137 2151 mgna
1149 2089 1248 2150 tuerint,
1260 2104 1289 2140 ea
1299 2092 1386 2151 sumit,
1397 2098 1468 2153 auget
1483 2096 1509 2141 et
1526 2093 1581 2143 iacit
1597 2094 1695 2155 maiora.
1729 2098 1759 2146 Et

145 2201 229 2258 xm
243 2181 316 2256 αὐτῷ
330 2177 405 2259 φύσει
420 2177 507 2258 δραοδ
519 2178 570 2237 χον
580 2180 617 2256 μὴ
630 2177 701 2238 πάνυ
718 2178 823 2257 μεγάλη
836 2168 866 2257 ᾖ,
880 2198 930 2234 πο.
972 2175 1085 2226 ausitillo
1096 2175 1271 2240 dioeraquom
1283 2192 1371 2241 equum
1382 2178 1478 2229 laudare
1489 2181 1555 2241 vult,
1566 2167 1643 2231 levem
1655 2183 1755 2233 interea

148 2265 272 2347 ρσλαόιδν
284 2264 416 2338 ἐπηύξησε
427 2265 473 2325 καλ
488 2264 568 2343 μείζω
578 2265 703 2347 ὀπίρηνε·
718 2265 764 2325 καί
774 2263 928 2342 τολμήσειεν
973 2274 1028 2326 qua
1038 2263 1151 2314 novimus
1162 2266 1273 2315 animalia
1285 2270 1308 2317 et
1318 2266 1348 2316 ad
1357 2280 1454 2320 sursum
1464 2272 1562 2331 aptum,

148 2354 182 2415 δν
201 2355 293 2427 εἰπεῖν,
317 2353 398 2413 ίππον
418 2353 554 2413 ἐπαινέσαι
572 2353 653 2413 θίλων
679 2352 755 2434 ρόσει
774 2358 869 2433 κοῦρον
892 2342 929 2410 νῦν

147 2442 224 2520 ίσμεν
237 2439 311 2523 ζῴων
323 2441 370 2501 καί
381 2440 515 2522 δρομικόν,
527 2440 568 2501 ότι

210 2556 295 2620 Ἄκρου
303 2556 340 2605 ἐπ’
349 2556 474 2618 ἀνθερίκων
485 2556 574 2618 καρπον
586 2557 635 2606 θέεν
644 2557 697 2605 aa&
706 2556 816 2605 κατέκλα,
1030 2549 1074 2594 Per
1082 2560 1185 2595 summas
1197 2554 1276 2596 eurrat
1290 2563 1332 2597 nse
1340 2562 1378 2599 eas
1388 2554 1517 2611 coniungat
1527 2554 1607 2599 aristas
1618 2570 1624 2598 ι

147 2659 196 2719 aot
209 2658 288 2719 πάλιν
300 2662 348 2719 οὐκ
360 2660 390 2719 δν
402 2659 520 2731 ὀκνήσειε
535 2659 615 2741 ράναι
629 2688 642 2712 ι
656 2659 823 2720 ἀελλοπόδων
834 2658 931 2742 δρόαυν
974 2672 999 2719 et
1010 2683 1093 2721 rursus
1104 2684 1152 2721 nou
1161 2672 1256 2723 dubitet
1268 2672 1372 2731 didere«
1385 2676 1571 2739 proeellipedum
1582 2689 1678 2727 cursum
1689 2690 1761 2741 oqrro

148 2745 245 2805 ίιιπων.
256 2773 269 2799 ν
309 2746 364 2808 Καὶ
370 2746 402 2818 ἣν
409 2746 492 2807 οἰκίαν
499 2749 594 2827 ἐπαινῇ
602 2746 688 2819 καλὴν
696 2748 742 2805 καὶ
752 2748 846 2829 όριστα
854 2770 931 2808 κατε·
975 2769 1037 2811 rum.
1053 2776 1065 2800 a
1074 2756 1136 2807 Etsi
1147 2755 1246 2807 domum
1253 2758 1335 2809 laudet
1344 2758 1467 2822 pulchram
1479 2764 1503 2810 et
1511 2762 1600 2825 optime
1606 2763 1761 2826 aedilloatam,

150 2833 340 2911 σκευσσμόνην,
353 2833 421 2894 εἴποι
431 2834 473 2908 δν,
975 2842 1056 2895 diost:

212 2956 337 3013 Ζηνόςπου
345 2958 423 3015 τοιήδε
431 2958 455 3015 γ’
465 2956 695 3019 Ὀλυμπίουίνδοθεν
708 2958 774 3016 αὐλή.
1035 2958 1098 3003 Talis
1108 2958 1219 3003 nimirum
1231 2959 1367 3006 Jovlslntus
1376 2962 1551 3021 reglsOlympl.

150 3060 186 3122 Ὁ
194 3059 221 3119 δέ
230 3060 310 3129 κόλαξ
320 3066 396 3121 τοῦτο
409 3060 440 3120 τὸ
451 3060 512 3129 ἔπος
524 3060 573 3120 κᾶν
586 3061 647 3143 περὶ
660 3066 706 3134 τῆς
719 3060 838 3121 συόόιτου
850 3060 933 3120 καλό-
977 3073 1009 3119 At
1017 3066 1127 3119 mutator
1136 3068 1201 3119 huno
1212 3082 1310 3119 versum
1322 3072 1396 3120 etiam
1406 3070 1436 3120 de
1447 3071 1541 3121 subulci
1551 3072 1646 3133 tugurio
1655 3071 1733 3133 dieat,
1742 3074 1763 3123 si

151 3148 202 3221 6ης
218 3149 302 3223 είποι,
317 3152 340 3208 εί
357 3148 435 3228 μόνον
448 3174 474 3208 τι
488 3148 561 3231 παρὰ
579 3156 625 3209 τοῦ
646 3149 765 3209 συόόιτου
780 3150 870 3208 λαόεῖν
887 3152 933 3208 ἐλ-
977 3155 1050 3206 modo
1060 3156 1168 3219 aooipere
1179 3156 1269 3219 aliquid
1281 3170 1296 3207 a
1308 3157 1409 3207 subuleo
1420 3164 1501 3221 speret
1521 3172 1615 3222 :quum
1634 3160 1764 3221 cymium

151 3237 260 3296 πίσειεν·
273 3236 337 3297 ὅπου
350 3237 478 3305 Κύναιθος
493 3242 508 3296 δ
524 3237 676 3319 Δημητρίου
687 3242 733 3296 τοῦ
749 3240 933 3320 Πολιορκητοῦ
978 3244 1117 3293 Poliorcetes
1124 3244 1237 3293 Demetrii
1247 3243 1365 3305 adulator,
1374 3246 1487 3294 omuibus
1496 3245 1609 3295 adulandi
1619 3247 1762 3308 rationibus,

151 3323 233 3394 κόλαξ
247 3325 369 3384 ἁπάντων
382 3328 454 3407 αὐτῷ
467 3329 518 3385 τῶν
533 3325 597 3410 πρὸς
610 3324 658 3396 τὴν
669 3324 807 3385 κολακείαν
818 3347 934 3384 κατανα-
979 3330 1173 3393 sihioorrsumtis,
1181 3331 1314 3381 laudaverit
1322 3334 1524 3383 vexatumatussi
1532 3336 1691 3396 Demetrium,
1699 3335 1764 3398 quod

152 3410 277 3491 λωμίνων
283 3412 427 3491 ἐπῄνειθπδ
435 3411 517 3493 βηχὸς
526 3410 711 3492 ἐνοχλούμενον
716 3411 761 3469 τὸν
771 3409 933 3492 Δημήτριον,
980 3418 1102 3467 modulate
1113 3422 1223 3467 seruaret.

152 3499 194 3559 δτι
205 3502 327 3578 ἐμμελοῦς
332 3499 503 3581 ἐχρέμπτετο.

195 3598 242 3649 st.
263 3591 305 3649 Οό
324 3588 401 3665 μόνον
420 3586 448 3646 δέ
459 3592 537 3646 τοῦτο
552 3586 676 3668 ἑκατέρου
690 3588 776 3645 αὐτῶν
798 3585 935 3668 γνώρισμά
1012 3604 1049 3648 at.
1065 3600 1118 3648 lton
1125 3596 1204 3647 solum
1212 3602 1292 3647 autem
1302 3598 1341 3648 hio
1350 3600 1475 3662 utriusque
1484 3600 1577 3662 generis
1585 3600 1706 3651 character
1715 3606 1764 3663 est,

153 3674 270 3751 ἐστι,τό
278 3674 338 3742 τοῦς
350 3674 398 3753 μὲν
408 3674 524 3742 κολακας
532 3677 581 3733 σῦκ
594 3677 677 3734 ὀκνεῖν
686 3674 732 3733 καὶ
741 3674 881 3755 ψεύδεσθαι
891 3678 937 3733 τοῦ
981 3685 1046 3748 quod
1057 3683 1192 3735 adulatores
1201 3700 1248 3735 uon
1260 3685 1372 3736 dubitant
1383 3688 1455 3737 etiam
1466 3688 1561 3737 mentiri
1577 3689 1602 3738 iu
1614 3690 1713 3753 gratiam
1726 3702 1764 3739 eo·
1846 3728 1849 3735 .

154 3762 316 3845 χαρίσασθαι
335 3762 411 3822 ἕνεκα
425 3768 478 3832 τοῖς
491 3762 699 3841 ἐπαινουμένοις,
714 3762 823 3844 ἐξαίρειν
837 3761 865 3822 δέ
879 3762 938 3829 τοὺς
981 3786 1106 3836 rumquos
1114 3772 1227 3834 laudant;
1240 3772 1375 3824 laudatores
1386 3779 1466 3825 autom
1476 3776 1590 3826 extollere
1600 3775 1698 3826 student
1709 3790 1765 3840 quas

155 3854 325 3918 ἐπαινοῦντας
343 3851 378 3909 τά
397 3852 549 3934 ὑπάρχοντα
571 3856 719 3931 πειρᾶσθαι
738 3850 806 3911 ἀλλὰ
825 3850 938 3931 κάκείνῳ
982 3858 1188 3910 adsuutzverum
1199 3859 1271 3909 etiam
1282 3861 1418 3911 illareuou
1429 3876 1503 3925 parva
1515 3862 1618 3925 distant,
1631 3863 1696 3927 quod
1707 3865 1764 3915 adu·

156 3941 188 4000 οὗ
211 3942 316 4018 σμικρῷ
339 3932 546 4011 διαλλάττουσιν,
569 3936 610 3997 δτι
627 3942 652 3998 οἱ
676 3939 723 4016 μὲν
746 3938 872 4010 κόλακες,
898 3941 938 4019 ἐρ’
982 3946 1070 3997 latores
1090 3952 1207 4010 quantum
1224 3950 1326 4011 possam
1343 3952 1445 3997 utuntur
1462 3948 1612 4011 hyperbolis,
1631 3948 1766 4001 laudatores

155 4025 219 4086 ὀσυν
229 4018 282 4086 οἶόν
296 4048 324 4084 τε
339 4028 439 4098 αὐτοῖς,
451 4030 567 4108 χρῶνται
579 4030 637 4093 ταῖς
646 4027 817 4108 δπερθολαῖς,
829 4028 853 4086 ol
862 4030 940 4086 ἐπαι-
982 4035 1063 4083 autem
1074 4034 1097 4082 iu
1109 4032 1147 4084 liis
1159 4034 1218 4097 ipsis
1228 4048 1324 4097 quoque
1336 4033 1408 4084 sobrii
1420 4040 1477 4085 sunt
1488 4040 1513 4086 et
1528 4036 1590 4085 iutra
1606 4038 1722 4087 terminos
1739 4050 1766 4087 se

156 4118 259 4181 νοῦντες
272 4113 301 4173 δέ
313 4112 360 4173 καί
376 4117 402 4173 ἐν
414 4116 506 4182 αιἰταῑς
520 4114 628 4183 ταύταις
642 4120 803 4196 σωρρυνοῦσι
814 4115 860 4175 καί
872 4115 941 4183 ἐντδς
984 4120 1114 4171 musaeus
1145 4124 1204 4173 lime
1216 4122 1260 4172 tihi
1275 4135 1351 4185 pauca
1362 4124 1392 4172 do
1403 4124 1485 4173 multis
1500 4128 1572 4174 suuto
1583 4124 1726 4175 adulationis
1737 4138 1765 4175 ae

156 4200 291 4282 τῶνόροιν
306 4200 423 4280 μίνουσι.
463 4200 558 4263 Ταῦτά
570 4224 611 4260 σοι
623 4201 676 4260 άπθ
690 4204 794 4261 πολλῶν
807 4201 883 4280 ὀλίγα
895 4226 941 4262 κο-
984 4208 1765 4275 varoelaudisspecimina,ueomumomniuolaudsutessuspe·

156 4287 266 4356 λακιίας
279 4288 326 4347 καλ
340 4288 448 4348 ἐπαίνου
460 4290 572 4360 ἀληθοῦς
585 4289 728 4367 δείγματα,
739 4294 774 4357 ὡς
789 4289 826 4368 μὴ
841 4290 941 4357 πάντας
984 4300 1037 4345 ctos
1046 4296 1134 4347 habeas
1142 4333 1149 4356 ,
1157 4297 1199 4345 sed
1207 4301 1233 4346 ut
1242 4296 1394 4348 disremasel
1404 4312 1447 4349 sus
1456 4302 1585 4361 utrumque
1594 4312 1706 4349 rnensura
1717 4312 1765 4349 me·

158 4376 308 4457 ίιποιιτεόης
327 4375 386 4444 τυθς
399 4378 580 4449 ἐπαινοῦντας,
597 4377 667 4436 ἀλλὰ
681 4377 814 4457 διακρίνῃς
829 4378 875 4436 καλ
892 4402 942 4437 πα·
984 4383 1059 4433 tiaris.

159 4468 292 4547 ραμετρῇς
306 4468 344 4546 τῷ
356 4463 443 4543 οἰκείῳ
455 4462 543 4545 μίτρη)
557 4464 687 4545 ἑκάτερον.

201 4562 249 4613 22.
270 4551 338 4634 Φίρ’
349 4542 404 4624 οῦν,
416 4553 439 4609 τί
453 4551 536 4624 δοκεῖ,
547 4550 664 4633 πρόσαγε
676 4556 730 4620 τοῖς
740 4552 784 4610 ὑπ’
794 4554 857 4629 ἐμοῦ
868 4554 942 4635 είρη-
1018 4572 1056 4616 m.
1073 4572 1122 4630 lige
1136 4569 1217 4630 igitur,
1230 4568 1251 4618 si
1263 4568 1365 4632 videtur,
1383 4568 1485 4619 admove
1495 4570 1547 4631 liis,
1559 4584 1614 4633 ηοω
1627 4569 1691 4620 diota
1702 4585 1717 4621 a
1728 4585 1767 4621 me

160 4638 317 4719 μίνσιςτοθς
331 4636 442 4705 κανόνας
456 4638 634 4721 ἀμφοτέρως,
649 4643 684 4707 ὡς
700 4639 785 4720 μάθῃς
796 4640 848 4700 είτι
859 4640 943 4722 τούτῳ
986 4659 1056 4715 suut,
1067 4656 1174 4717 regulam
1186 4660 1325 4719 utramque,
1338 4660 1365 4705 ut
1376 4656 1472 4718 videas,
1484 4657 1570 4707 huicne
1586 4672 1616 4707 au
1632 4659 1667 4708 illi
1681 4672 1766 4710 eonve-

161 4727 210 4786 εἶτ’
230 4725 321 4809 ἐκείνῳ
338 4726 462 4787 ἐοίκασιν
485 4727 539 4806 ἐγὼ
559 4725 611 4808 γάρ
636 4730 659 4786 εί
676 4726 724 4805 μίν
746 4751 804 4786 τινα
824 4728 942 4818 άμσρρον
985 4742 1061 4791 nisui.
1088 4742 1183 4794 Etenim
1194 4744 1215 4793 si
1224 4743 1355 4794 desomnem
1364 4743 1483 4806 quandam
1493 4749 1580 4794 statum
1595 4746 1688 4797 cnidiae
1696 4746 1767 4798 disis·

161 4806 243 4875 οδσαν
263 4816 328 4898 ἐρην
344 4818 383 4895 τῷ
403 4818 430 4874 ἐν
450 4816 539 4897 Κνίδῳ
556 4815 693 4895 ἀγάλματι
710 4816 813 4894 δμοίαν,
830 4816 894 4896 γόης
912 4815 943 4875 h
986 4841 1038 4879 sem
1046 4829 1158 4892 similem,
1165 4831 1281 4893 impostor
1288 4836 1390 4892 sauo,et
1397 4831 1514 4893 cynmtho
1522 4832 1768 4896 ipsomagisadutator

161 4899 210 4961 καλ
221 4908 268 4962 τοῦ
283 4902 415 4964 Κυναίθου
431 4901 638 4984 κολακικώτερος
651 4903 731 4971 όντως
744 4902 905 4981 νομιζοίμην·
921 4909 945 4964 εἰ
988 4928 1044 4966 τοτα
1061 4916 1162 4967 haberer
1180 4918 1288 4968 :sivero
1299 4918 1383 4979 mem,
1394 4918 1490 4981 malem
1506 4932 1591 4970 omues
1608 4927 1708 4985 norunt,
1720 4936 1767 4974 uou

162 4988 191 5048 δέ
204 4988 328 5063 τοιαύτην
346 4990 517 5073 ὑπάρχουσαν
535 4989 591 5049 οίαν
605 4990 700 5057 πάντες
716 4989 813 5064 ίσασιν,
831 4992 860 5050 οό
873 4992 944 5051 πάνυ
987 5017 1046 5055 saus
1057 5006 1137 5068 magui
1149 5006 1270 5056 illoausus
1281 5006 1400 5057 intervalli
1410 5007 1490 5057 tuerit.

163 5080 194 5137 ἐκ
206 5080 306 5138 πσλλσῦ
317 5078 496 5157 διασιήματος
506 5069 539 5150 ἦν
554 5077 584 5136 τθ
597 5077 734 5155 τόλμημα.

204 5175 252 5227 23.
272 5165 343 5247 Τάχ’
361 5166 393 5225 ἂν
411 5156 455 5225 οόν
470 5165 564 5248 ροίης,
581 5166 682 5242 μᾶλλον
703 5166 730 5226 δέ
752 5167 802 5239 ἤδη
821 5166 945 5248 είρηκας,
1020 5185 1058 5231 ²³.
1076 5184 1107 5230 st
1122 5180 1241 5244 romeiam
1253 5180 1355 5242 dixeris,
1368 5184 1426 5245 quin
1436 5184 1486 5246 jam
1501 5183 1597 5246 dixisti,
1610 5184 1766 5251 laudarequi·

164 5256 280 5314 ἐπαινεῖν
302 5254 351 5333 μίν
369 5278 411 5315 σοι
433 5255 504 5322 ἐςτδ
521 5254 618 5323 κάλλος
640 5254 758 5338 ἐρείσθω·
777 5256 945 5336 ἀνεπίφθονον
990 5266 1044 5318 dem
1062 5268 1246 5331 pulchritudiuis
1258 5268 1353 5320 nomine
1370 5270 1413 5321 tihi
1431 5272 1574 5335 permissum
1586 5276 1638 5323 esto
1652 5285 1754 5324 :sermu

1628 5372 1663 5411 υτ.
