3825 5909
151 410 359 495 μανι-οη
593 382 687 468 ’κει
713 404 911 467 roxums
938 424 1003 467 mu
1033 406 1252 471 aurorum.
1286 421 1311 471 t.
1707 431 1761 483 m

150 544 240 618 πέζις,
262 539 333 601 mit
348 538 395 599 καὶ
412 536 461 611 τὴν
480 534 621 621 Εὐφόρὸου
643 535 729 615 κόμην
744 538 803 605 ταῖς
819 534 935 617 Χόρισιν
980 544 1022 597 sed
1034 546 1156 610 Euphorbi
1167 548 1241 599 etlam
1252 561 1345 604 mmam
1361 550 1450 603 Gratiis
1465 552 1568 605 similem
1580 554 1653 618 dixit,
1665 570 1767 623 mmqoo

149 631 293 704 ἀπείκασε,
312 627 456 688 καὶταῦτα
475 622 570 704 αίματι
586 622 751 703 δεδευμένην.
793 623 850 685 Καὶ
868 622 936 693 όλως
980 634 1092 687 iniootam
1104 637 1227 699 sanguiue.
1261 640 1527 703 ltquemuairereum
1541 647 1606 695 muta
1618 648 1767 699 mutinhoo

150 718 267 781 τοσαῦτά
286 720 343 779 ἐστι
360 715 396 775 τδ
411 720 536 789 τοιαῦτα,
552 715 589 781 ὡς
607 711 689 792 μηδίν
707 703 775 773 εἰναι
793 711 871 794 μόρος
888 716 935 785 τῆς
979 736 1079 787 gerere,
1091 726 1193 776 utnrrila
1204 739 1304 789 poeseos
1320 730 1432 792 perseio,
1449 731 1508 794 quin
1523 732 1612 785 divinis
1623 735 1767 799 imfflbug

150 809 295 882 ποιήσεως,
316 805 331 866 δ
351 804 389 883 μὴ
417 805 476 872 ταῖς
499 800 579 870 θείαις
606 801 690 861 εἰκόσι
712 801 933 880 διακεκόσμηται.
979 816 1094 864 exornata
1112 816 1233 865 dematur.
1266 818 1352 879 ltaque
1369 822 1412 869 aut
1430 819 1471 870 ilia
1487 820 1561 873 etlam
1575 822 1708 888 deleantur,
1725 832 1768 877 aut

149 896 237 959 Ὥστε
258 893 399 969 ἢκέκιῖνα
418 890 596 973 ἐξαληλίφθω,
614 889 632 962 ἢ
650 888 697 949 καί
716 892 781 969 ἡμῖν
803 888 837 949 ed
856 889 934 968 ὅμοια
980 900 1049 951 nobis
1058 914 1155 965 quoque
1165 903 1253 956 audere
1265 904 1352 959 similia
1362 918 1504 959 conoessum
1514 912 1575 959 esto.
1607 911 1675 964 Adeo
1686 916 1767 965 autem

150 988 251 1065 τολμᾶν
269 982 388 1066 ἐφείσθω.
429 978 511 1042 otro
525 976 553 1039 δὲ
570 978 601 1038 εδ
616 976 686 1038 κατίι
703 977 751 1046 τδς
768 977 869 1046 εἰκόνας
888 977 936 1039 καί
980 989 1021 1039 ilia
1032 990 1389 1054 imaginumetslmliitudinum
1398 995 1730 1063 retioaceusuraiibemest,
1741 1008 1768 1053 ut

149 1074 198 1142 τὰς
214 1072 352 1153 ὁμοιώσεις
365 1066 502 1129 ἀνεύθυνόν
513 1070 598 1140 ἐστιν,
607 1065 676 1126 ὥστε
692 1065 815 1148 Ὅμηρος
830 1066 877 1125 καί
889 1064 936 1133 τὰς
980 1080 1100 1129 Homerus
1110 1078 1168 1130 deas
1177 1079 1242 1145 ipses
1251 1093 1300 1131 nou
1307 1082 1454 1135 dubitaverit
1463 1082 1563 1136 laudare
1572 1100 1586 1136 a
1595 1087 1767 1141 deterioribus:

148 1161 210 1229 θείις
218 1160 298 1228 αὐτίις
312 1161 360 1219 οὐκ
369 1157 488 1231 ὤκνησεν
501 1158 555 1215 ἀπὸ
566 1159 620 1215 τῶν
634 1154 778 1215 ἐλαττόνων
789 1154 935 1215 ἐπαινέσαι·
980 1167 1083 1217 iunonis
1094 1168 1159 1217 enim
1170 1168 1255 1220 oeulos
1265 1170 1414 1234 eomparerit
1428 1172 1526 1223 bubulis
1538 1188 1545 1223 :
1562 1174 1624 1226 alius
1633 1180 1715 1228 eutem
1726 1179 1767 1228 ali·

148 1250 209 1319 τούς
220 1254 283 1330 γοῦν
295 1252 343 1321 viic
352 1245 440 1328 Ἥρας
455 1243 604 1328 ὀφθαλμούς
611 1252 665 1312 τοῖς
674 1246 727 1303 τιῦν
743 1246 812 1324 βοῶν
822 1243 935 1304 είκασεν·
980 1255 1036 1317 quis
1045 1256 1180 1321 superciliis
1188 1258 1300 1309 violaceis
1309 1261 1426 1311 venerem
1438 1260 1498 1313 dixit
1508 1276 1515 1311 ε
1524 1264 1601 1313 roseis
1611 1265 1676 1315 enim
1687 1265 1768 1329 digitis

149 1338 238 1421 ἔτερος
256 1336 285 1398 δέ
297 1360 338 1404 τις
353 1335 510 1417 ἰοόλέφαρον
530 1332 579 1405 τὴν
597 1332 749 1415 Ἀφροδίτην
771 1324 836 1391 εἰπε.
877 1331 935 1405 Τὴν
981 1343 1097 1407 Insignem
1107 1347 1162 1409 quis
1173 1360 1257 1397 eorsum
1269 1348 1375 1411 ignorat,
1388 1348 1430 1413 qui
1440 1350 1480 1401 rel
1491 1351 1622 1415 pauxillum
1634 1353 1659 1405 in
1670 1356 1768 1407 Homeri

149 1427 198 1506 μὲν
212 1425 264 1509 γὰρ
282 1424 471 1508 ῥοδοδάκτυλον
487 1421 525 1490 τίς
541 1422 630 1502 ἆγνοεῖ
648 1423 700 1480 τῶν
719 1420 769 1481 κᾶν
785 1422 827 1479 la'
845 1419 936 1501 ἐλόχι-
980 1432 1133 1495 poematibus
1144 1440 1202 1485 sunt
1213 1436 1317 1487 versati?

149 1539 211 1575 στον
223 1519 257 1595 τῇ
267 1512 389 1595 Ὁμήρου
399 1511 505 1583 ποιήσει
514 1508 703 1587 ὡμιληκότων,

190 1616 239 1669 ²⁷.
261 1602 358 1665 Καίτοι
373 1600 407 1661 τί
422 1600 470 1679 μὲν
487 1604 535 1672 τῆς
548 1603 650 1681 μορφῆς
668 1596 707 1657 ἔτι
721 1596 899 1679 μετριύντερα,
912 1596 939 1656 εί
1013 1606 1052 1653 ²7.
1069 1604 1214 1667 Quanquam
1236 1618 1292 1669 qum
1313 1606 1344 1655 ad
1363 1606 1463 1657 iormam
1487 1608 1607 1671 pmtinent
1622 1609 1703 1661 edituo
1717 1623 1768 1661 mo·

147 1718 187 1761 τις
199 1696 251 1772 θεῷ
263 1688 375 1751 ἐοικέναι
392 1688 506 1769 λέγεται·
520 1686 590 1746 ἀλλὰ
602 1684 650 1754 τθς
662 1684 839 1768 προσηγορίας
855 1685 937 1753 αὐτδες
981 1690 1100 1743 deratiora
1112 1692 1221 1755 nuntiis,
1230 1694 1251 1743 si
1265 1694 1320 1758 quis
1336 1694 1382 1745 deo
1391 1695 1476 1747 similla
1487 1709 1541 1747 esse
1554 1696 1648 1749 dicatur
1661 1712 1667 1747 :
1684 1711 1769 1750 verum

149 1780 227 1841 πόσοι
240 1777 407 1858 ἐμιμήσαντο
420 1775 468 1843 τὰς
481 1778 534 1835 τῶν
550 1776 615 1833 θεῶν
629 1772 761 1834 Διονύσιοι
775 1772 821 1832 καὶ
835 1772 930 1855 Ἧφαι-
982 1780 1046 1843 ipsas
1055 1781 1227 1845 apodiationes
1236 1782 1336 1835 deorum
1344 1784 1461 1847 quotiam
1470 1786 1634 1848 suntimiteti,
1643 1786 1768 1851 Dionysii,

149 1868 256 1936 αείωνες
263 1866 310 1928 καὶ
316 1865 437 1939 Ζήνωνες
444 1862 490 1923 καί
499 1859 669 1923 Ποσειδώνιοι
676 1860 722 1920 καὶ
728 1859 854 1942 Ἐρμαῖοι
859 1884 939 1942 προσ·
982 1872 1006 1919 et
1016 1868 1211 1932 umhosttones,
1218 1876 1243 1923 et
1250 1872 1372 1935 Zenones,
1380 1877 1405 1924 et
1413 1874 1534 1925 Posidonii
1541 1876 1676 1925 etlimmmi
1685 1888 1769 1939 ongum

149 1956 349 2039 αγορευόμινοι,
361 1950 483 2026 Αητδιδί
499 1949 565 2029 γυνη
582 1947 728 2029 τιςέγένετο
738 1948 875 2031 Εὐαγόρου
890 1956 937 2009 τοῦ
982 1956 1269 2009 mimtiilatomautem
1276 1958 1662 2025 munerqumoamtuitnvagmae
1670 1964 1768 2028 cyprio·

150 2044 281 2126 Κυπρίων
294 2038 438 2122 βασιλέως,
449 2039 496 2098 καί
509 2037 581 2116 ὅμως
593 2038 641 2097 οὐκ
651 2036 835 2115 ἠγανάκτησεν
850 2042 867 2109 ἠ
883 2037 938 2106 θεδς
983 2057 1035 2093 rum
1050 2046 1130 2107 regia:
1144 2046 1260 2097 ettamen
1275 2060 1323 2097 non
1333 2048 1456 2112 Indignata
1470 2053 1508 2101 est
1523 2049 1583 2111 dea,
1599 2064 1675 2113 quum
1687 2057 1770 2115 posset

148 2131 281 2210 δυναμένη
294 2129 365 2191 λίθον
384 2126 466 2200 αὐτὴν
486 2125 577 2207 ὥσπερ
595 2124 644 2197 τὴν
661 2124 762 2197 Νιύόην
781 2125 937 2206 ἀπεργάσα-
982 2132 1061 2196 illam,
1074 2132 1163 2185 Niobes
1173 2134 1257 2197 instar,
1275 2134 1379 2198 lapidem
1397 2137 1483 2187 iecere.
1514 2138 1607 2189 omitto
1624 2140 1689 2189 enim
1701 2142 1769 2203 AEgy·

149 2228 220 2282 σθαι,
262 2220 319 2281 ’Eli
329 2217 382 2299 γὰρ
396 2214 456 2284 τούς
468 2214 642 2294 Αἰγυπτίαις,
654 2211 729 2295 οίπερ
744 2213 791 2272 καὶ
810 2215 937 2275 διισιδαι-
983 2220 1060 2285 otios,
1075 2222 1118 2285 otri
1127 2222 1225 2285 quidem
1236 2223 1345 2275 omnium
1360 2230 1419 2275 sunt
1431 2226 1673 2290 superstitiosissimi,
1690 2232 1770 2279 tamen

149 2307 305 2389 μονέστατοί
321 2309 372 2366 εἰσι
388 2304 505 2376 πάντων,
524 2302 596 2381 ὅμως
609 2303 662 2370 τοῖς
679 2300 757 2369 θείοις
773 2301 898 2380 όνόμασιν
912 2307 939 2372 ἐς
982 2308 1071 2360 dlvlnls
1081 2310 1220 2361 nomInihus
1231 2310 1261 2361 ad
1274 2312 1407 2364 setletatem
1419 2312 1546 2367 αὐοίοιιίοιι
1560 2330 1566 2365 :
1578 2314 1629 2367 imo
1643 2316 1709 2369 emm
1721 2316 1769 2380 uia·

149 2398 226 2480 χόροι
238 2392 441 2477 ἐπιχρωμένους·
457 2391 551 2473 σχεδδν
562 2396 626 2470 γοῦν
638 2390 674 2449 τὰ
687 2392 802 2449 πλεῖστα
816 2392 904 2458 αὐτοῖς
910 2394 938 2464 ἐξ
983 2411 1057 2462 reque
1065 2398 1130 2462 opud
1140 2398 1195 2450 iilos
1203 2399 1304 2451 deeoeio
1315 2405 1380 2452 suot.

150 2489 180 2546 οὐ
216 2490 260 2545 νοῦ
272 2486 352 2543 ἐστιν.
1165 2532 1167 2539 ,

182 2510 239 2636 t>tati
260 2572 349 2634 Ὥστε
366 2573 397 2630 οὐ
414 2568 479 2650 πρός
495 2592 527 2648 γε
551 2573 599 2627 σοῦ
616 2566 647 2627 τδ
663 2572 789 2641 τοιοῦτον,
807 2570 939 2649 ψοφοδεῶς
1015 2578 1053 2625 28.
1071 2576 1155 2637 ltaque
1166 2579 1236 2625 tuum
1249 2588 1296 2625 nou
1307 2580 1358 2639 est,
1371 2577 1511 2629 meticuloso
1521 2577 1582 2629 adeo
1596 2578 1707 2629 allectam
1718 2590 1771 2629 esse

150 2666 297 2725 διακεῖσθαι
303 2660 418 2741 πρδςτδν
424 2658 540 2718 ἔπαινον·
548 2661 571 2716 εί
577 2656 662 2739 γύρτι
670 2658 697 2715 ἐν
703 2659 740 2737 τῷ
749 2655 938 2737 συγγράμματι
983 2660 1014 2711 ad
1028 2660 1120 2713 laudes.
1153 2662 1178 2713 Si
1196 2663 1256 2725 quid
1271 2664 1335 2715 enim
1347 2664 1373 2715 in
1388 2664 1430 2715 iilo
1444 2666 1535 2729 scripto
1549 2665 1667 2717 ειίιετειιε
1681 2678 1770 2717 numen

149 2748 377 2829 πεπλημμέληται
391 2752 417 2815 ἐς
436 2746 466 2807 τὸ
484 2752 561 2819 θεῖον,
578 2745 612 2805 σθ
627 2743 675 2823 μὲν
695 2744 830 2813 ἀνεύθυνος
844 2748 938 2819 αὐτοῦ,
983 2753 1110 2813 peecatum
1130 2751 1176 2812 sit,
1192 2755 1219 2802 tu
1230 2751 1328 2815 quidem
1345 2753 1481 2805 ntiuimees
1498 2754 1627 2816 reodiius3
1639 2754 1684 2805 nisi
1697 2768 1771 2817 quam

150 2840 225 2908 ἐκτὸς
238 2842 261 2898 εί
274 2836 313 2916 μί,
324 2860 382 2895 τινα
391 2835 503 2913 νομίζεις
515 2832 666 2917 ἀκροάσεως
679 2830 788 2904 εὐθύνην
798 2822 879 2907 εἰναι,
891 2832 939 2912 ἐμὲ
983 2842 1056 2903 putas
1064 2839 1137 2893 ellani
1153 2838 1283 2891 andoenis
1294 2852 1390 2903 umnam
1401 2854 1455 2892 esse
1468 2857 1474 2891 :
1492 2854 1531 2891 ms
1545 2854 1603 2893 vem
1612 2846 1665 2893 tum
1678 2842 1711 2892 dii
1728 2856 1770 2905 pu·

151 2930 180 2990 δέ
198 2931 359 3008 ἀμυνοῦνται
373 2927 397 2985 oi
411 2923 479 2997 θεοὶ,
492 2922 598 2983 ἐπειδὰν
610 2920 663 3004 πρὸ
680 2923 745 3001 ἐμοῦ
757 2921 802 2981 τδν
815 2919 939 3005 Ὅμηρον
984 2928 1063 2989 nient,
1074 2940 1150 2991 quum
1159 2930 1216 2981 urite
1224 2942 1264 2979 me
1275 2931 1407 2980 Homerum
1417 2934 1442 2981 et
1453 2930 1513 2980 aiios
1524 2935 1607 2993 poetas
1618 2930 1662 2981 uiti
1673 2930 1770 2981 luerint.

150 3018 198 3079 καί
216 3016 276 3085 τοῦς
298 3014 393 3078 ἄλλους
411 3010 526 3084 ποιητδις
545 3009 706 3089 ἀμύνωνται.
748 3009 817 3071 Ἀλλ’
837 3009 940 3070 οὐδέπω
984 3020 1016 3067 Αἰ
1036 3015 1070 3070 ilii
1090 3016 1198 3067 nondum
1214 3030 1258 3069 nec
1274 3018 1394 3083 optimum
1416 3017 1615 3083 philosophorum
1633 3019 1677 3070 uiti
1700 3022 1771 3081 sunt,

151 3100 212 3167 οὐδέ
222 3098 268 3164 τθν
283 3092 389 3187 ἄριστον
403 3104 456 3159 τιῦν
470 3097 620 3183 φιλοσόφων
632 3097 767 3176 ἠμύναντο
780 3098 867 3158 εἰκόνα
881 3104 940 3159 θεοῦ
984 3106 1026 3170 qui
1038 3105 1077 3157 dei
1089 3106 1217 3169 imaginem
1227 3120 1281 3157 esse
1290 3106 1352 3157 dixit
1363 3108 1495 3159 imminem.
1528 3108 1605 3159 idulio
1615 3107 1697 3159 edituo
1707 3107 1738 3158 ad
1748 3111 1773 3159 te

151 3196 197 3255 τδν
212 3194 348 3273 ἄνθρωπον
360 3188 468 3249 εἰπόντα
478 3178 554 3249 εἶναι.
598 3186 693 3249 [lolli
703 3186 742 3247 ἔτι
752 3186 821 3266 ἔχων
831 3186 897 3264 πρὸς
910 3186 940 3245 σθ
985 3194 1087 3245 dioensis
1105 3195 1311 3257 summitatem,
1330 3195 1458 3258 Polystrati
1477 3196 1550 3259 liuius
1564 3210 1638 3249 οοιιεε
1648 3197 1771 3260 (lemnam,

151 3286 234 3344 εἰπεῖν
251 3278 442 3359 Πολυστράτου
460 3274 538 3336 ἕνεκα
551 3276 645 3336 τούτου
663 3274 815 3354 παύσομαι,
833 3273 877 3335 ίνα
895 3274 941 3335 καί
986 3287 1013 3335 ut
1026 3282 1163 3335 meminisse
1174 3282 1387 3346 possitdietorum.

150 3372 386 3449 ἀπομνημονεῦσαι
400 3366 498 3444 δυνηθῇ
511 3361 546 3423 τδ
560 3362 700 3445 εἰρημένα.

193 3470 242 3521 29.
265 3460 355 3519 ΠΟΛ.
374 3455 434 3515 Or’m
451 3443 509 3511 Οἶδα
523 3452 547 3511 εἰ
561 3475 606 3529 μοι
620 3456 697 3511 τοῦτο
716 3448 826 3509 δυνατὸν
844 3447 899 3522 lat,
918 3438 941 3508 ‹I›
1017 3473 1058 3518 29,
1075 3466 1483 3529 POL,Nesciosiadhucposg1m
1499 3466 1661 3529 hoc‚1.yclm
1679 3480 1685 3516 ς
1703 3467 1773 3531 longa

152 3551 259 3608 Λυκῖνε·
283 3540 375 3624 μακρθ
396 3540 447 3621 γὰρ
467 3537 570 3619 εἴρηταί
589 3561 630 3598 σοι
653 3543 738 3597 ταῦτα
759 3537 806 3597 καὶ
828 3536 894 3619 Ilii?
911 3538 942 3596 τὸ
986 3556 1050 3606 enim
1067 3568 1081 3606 a
1098 3562 1121 3607 te
1137 3554 1219 3605 liubila
1232 3560 1269 3605 est
1284 3556 1372 3617 oratio,
1383 3558 1457 3617 atque
1469 3553 1530 3605 adeo
1541 3554 1604 3605 ultra
1616 3554 1720 3605 intusum
1729 3556 1773 3605 tihi

151 3634 223 3713 θδωρ
243 3632 274 3692 τδ
287 3627 470 3709 ἐγκεχυμένο-
512 3625 680 3708 nemimem
698 3623 727 3684 δὲ
741 3624 813 3702 ὅμως
831 3626 942 3702 iusum·
986 3658 1082 3709 aqmm.
1115 3643 1224 3696 studebo
1239 3643 1430 3693 summitterem
1443 3643 1582 3695 meminisse
1599 3647 1643 3695 :et
1661 3644 1774 3695 uirides

152 3727 247 3794 σθῆναι
256 3722 350 3779 αὐτῶν·
394 3713 448 3776 Καὶ
459 3717 494 3782 ὡς
505 3716 576 3796 ὁρᾷς,
587 3713 639 3785 ἤδη
653 3712 779 3772 wlff)
789 3710 942 3792 listl’ssi’il'ii
984 3735 1035 3798 jam
1047 3732 1078 3783 ad
1094 3732 1159 3783 iliam
1176 3732 1242 3782 abire
1253 3732 1354 3795 festino,
1366 3730 1485 3782 obturatis
1500 3732 1614 3795 aumbus,
1631 3737 1701 3784 utne
1713 3732 1774 3797 quid

153 3808 345 3886 ἐπιόυσόμινος
354 3803 389 3864 ud
399 3793 471 3876 ὐιτα,
482 3807 518 3871 ὡς
529 3801 567 3881 μή
580 3826 605 3861 τί
614 3800 785 3883 παρεμπεσὸν
800 3799 867 3860 ἄλλο
878 3822 942 3878 Μ·
987 3822 1094 3875 ineidens
1105 3820 1170 3871 aliud
1177 3820 1285 3871 ordinem
1293 3820 1389 3870 iliorum
1395 3819 1539 3883 mosandri,
1549 3833 1577 3871 ao
1586 3820 1673 3873 deindo
1682 3821 1775 3873 reddat

152 3900 204 3982 χέῃ
229 3896 278 3969 τίν
303 3893 377 3963 τάξιν
396 3894 492 3973 αὐτῶν,
515 3882 573 3951 εἶτά
593 3914 638 3969 μοι
661 3888 827 3972 συρίττεσθαι
852 3887 942 3969 συνθῇ
987 3907 1436 3975 murmurosorumsponsoribus.

152 4014 175 4047 π
231 3990 284 4045 τῶν
298 3986 407 4044 θεατῶν.
570 4022 574 4029 ·

176 3988 281 4136 ρὸΛςλἸί.
303 4074 384 4153 Αὐτῷ
407 4092 448 4131 σοι
471 4065 596 4146 μελήσει,
617 4055 641 4127 οὐ
666 4066 852 4149 Πολύστρατε,
872 4064 943 4134 ὅπως
1018 4080 1091 4131 uun.
1108 4078 1158 4143 ipsi
1176 4077 1219 4128 tibi
1236 4090 1302 4129 eurae
1318 4078 1376 4139 erit,
1393 4077 1540 4141 Polystrate‚
1559 4080 1587 4127 ut
1603 4078 1693 4141 optime
1708 4090 1773 4141 agas.

153 4162 249 4245 ἄριστα
257 4157 395 4241 ὐποκρίνη.
437 4153 510 4235 Ἐγὼ
523 4154 670 4236 δίέπείπερ
681 4154 751 4224 ἅπαξ
760 4154 840 4215 σοιτὸ
852 4155 943 4237 δρῦμα
987 4172 1106 4231 Egerero
1123 4166 1319 4230 quandoquidem
1328 4166 1402 4216 semei
1414 4166 1532 4229 agendam
1545 4166 1587 4215 tibi
1604 4165 1692 4216 tradidi
1707 4166 1775 4216 iabu-

153 4248 346 4332 παραδίδωκα,
365 4251 411 4305 νῦν
430 4243 477 4323 μὲν
491 4241 609 4302 ἐκποδὼν
623 4243 819 4321 ἀποστήσομαι·
844 4242 942 4302 ὁπόταν
988 4258 1049 4317 imm,
1059 4270 1125 4306 nune
1136 4254 1236 4319 quidem
1248 4255 1330 4305 statim
1336 4254 1459 4305 discedam
1470 4269 1477 4303 ε
1487 4266 1564 4317 quum
1574 4262 1632 4303 uem
1643 4252 1775 4303 sententies

154 4338 184 4399 δέ
196 4338 244 4406 τθις
255 4337 356 4420 ψόφοις
370 4330 572 4413 ἀνακηρύττωσι
586 4336 636 4390 τῶν
651 4337 757 4414 κριτῶν,
768 4330 827 4390 τότε
838 4330 889 4403 ἤδη
897 4330 943 4391 καί
988 4345 1162 4397 reourrciabuut
1170 4344 1292 4408 iudicum,
1302 4342 1408 4405 iumjam
1420 4342 1471 4406 ipse
1480 4341 1668 4407 quoqueadero‚
1680 4342 1776 4393 visurus

154 4425 234 4494 αὐτδς
246 4424 397 4507 παρέσομαι
412 4421 538 4504 ὀψόμενος
553 4419 642 4480 ὁποῖόν
655 4419 722 4480 τιτὸ
736 4418 808 4486 τέλος
819 4425 865 4479 τοῦ
873 4422 943 4500 δγῶ·
988 4434 1121 4498 qualisnam
1133 4433 1271 4485 certaminis
1282 4432 1364 4484 exitus
1373 4432 1471 4482 iuturus
1481 4430 1520 4480 stt.

155 4538 197 4583 νος
208 4513 292 4577 ἔσται.

506 4614 598 4629 -—
1337 4612 1430 4629 ῃ

512 4720 586 4782 XLI·
1344 4722 1419 4784 XLI.

373 4880 545 4943 ΤΟΞΑΡῙΣ
566 4893 588 4940 n
608 4878 732 4940 oluit.
841 4882 844 4887 ’
1154 4880 1322 4943 Toxilus
1343 4897 1399 4941 ssu
1421 4878 1610 4941 AMICITIA.

200 5052 227 5101 ι.
248 5040 488 5102 ΜΝΗΣΙΠΠΟΣ.
508 5036 545 5099 Τί
556 5024 653 5120 oleti
664 5032 774 5115 Τίξαρη
782 5032 856 5095 θύετε
868 5033 948 5116 ὀρί-
1022 5050 1205 5101 munsterus.
1224 5048 1276 5097 ιιι·
1292 5050 1334 5108 ιιι,
1349 5048 1452 5097 noxam
1467 5060 1535 5097 mem
1553 5046 1630 5098 riuus
1649 5028 1728 5098 ore‘so
1748 5060 1777 5098 ιι

159 5151 211 5209 m]
223 5126 271 5187 καί
283 5126 397 5206 Πυλάδῃ
409 5128 483 5205 fimf<
495 5127 521 5184 ⁰I
535 5122 636 5186 Σκύθαι
647 5122 693 5183 καί
708 5121 782 5191 θεοὺς
792 5112 858 5182 εἶναι
871 5144 950 5182 mitt·
992 5138 1074 5202 Pyladi
1084 5150 1127 5187 vos
1139 5136 1248 5198 sertum,
1259 5138 1284 5185 et
1293 5135 1411 5186 deosesse
1421 5135 1474 5186 ilios
1481 5134 1593 5185 creditis?

160 5216 288 5279 στιύκατι
303 5214 409 5292 αὐτούς
1632 5229 1636 5237 ’
