3825 5909
179 490 237 542 tit)
706 470 837 531 XXXV.
867 467 1117 529 ΕΥΝΟΥΧΟΣ.
1144 477 1257 527 4-7.
1590 467 1645 545 (11,
1664 472 1789 545 καιτοι)

216 608 341 668 ΠΛΜΦ
356 593 425 663 θίοα
435 624 534 661 ταυτα
528 600 591 660 καί
600 623 659 658 τινα
669 622 747 679 φασιν
758 602 844 658 αυτων
854 598 963 679 ἔναγχος
1037 610 1154 659 PAthll.
1171 608 1234 659 liovl
1252 607 1314 668 ista,
1330 610 1355 656 et
1371 606 1439 657 alunt
1461 604 1581 671 quendam
1600 606 1696 659 illorum
1715 620 1791 673 nuper

178 694 374 768 ἀποθανεῖν,
338 715 391 750 τισιν
403 691 662 801 Περιπατητικῶν
639 678 738 765 οίμαιτ
740 686 876 770 δν.ἕτερον
1007 700 1128 745 mortuum
1134 694 1365 758 ,Peripateticorum
1378 696 1437 758 puto
1448 694 1558 745 alterum.

219 784 309 844 ΛΥΚ.
331 778 421 852 Λθτη,
435 777 611 860 ωΙΙάμφιλε,
622 780 640 847 ἡ
653 766 962 856 Ἕλίνη,ύπὲρῆςὲμο-
1037 786 1111 834 bYc.
1129 786 1187 834 llaec
1194 783 1348 847 ,Pamphile,
1365 784 1457 833 lleiena
1472 783 1513 833 illa
1524 788 1704 847 erat,proqua
1719 784 1791 849 depu-

176 892 311 949 νομαχουν
321 890 385 949 προς
397 867 535 938 αλλήλους
577 864 662 925 Καί
645 886 682 942 αχ
718 886 748 943 γε
759 886 852 923 τουτου
863 864 964 941 γελοιον
1007 871 1113 935 gnabant
1129 872 1192 923 inter
1206 886 1233 922 se
1247 872 1359 922 invicem.
1374 875 1405 923 Et
1421 872 1537 923 hacteuus
1552 871 1650 936 quidem
1666 871 1793 921 ridiculum

178 958 252 1019 οὐδὲν
266 949 299 1029 ἦν
310 953 485 1026 ἐκείνοιςῆ
461 977 492 1013 το
506 952 661 1035 φιλοσόφους
675 886 794 1011 εΚναι’
757 952 905 1066 φάσκοντας
918 950 964 1009 καί
1007 959 1054 1010 albe
1062 963 1112 1009 erat
1119 960 1179 1009 mbrl
1188 960 1254 1011 aliud
1263 974 1350 1025 ,quam
1359 959 1424 1025 quod
1432 974 1472 1024 qm
1465 960 1636 1024 philosophos
1646 975 1672 1011 se
1681 960 1789 1011 dicerent

178 1044 325 1129 χρημάτων
344 1044 516 1150 καταφρονεῖν
535 1040 658 1099 ἔπειτα“
647 1040 712 1123 υπὲρ
730 1040 829 1100 τούτων
845 1045 880 1107 ὡς
898 1039 964 1123 ὑπὲρ
1008 1052 1097 1098 esseet
1108 1048 1223 1111 pecunias
1233 1055 1399 1109 contemnere
1413 1046 1500 1097 deinde
1514 1062 1557 1111 pro
1572 1047 1610 1097 bis
1623 1050 1737 1112 tanquam
1751 1061 1794 1111 pro

179 1133 303 1214 πατρίδος
314 1126 511 1201 κινδυνευούσης
525 1152 570 1187 και
559 1128 660 1212 ίερῶν
673 1127 804 1211 πατρῴων
816 1127 907 1188 καί’
874 1150 964 1210 ταφων
1007 1134 1085 1199 patria
1102 1136 1253 1199 periclitante
1271 1140 1296 1187 et
1312 1136 1386 1187 sacris
1403 1135 1489 1199 patriis
1504 1138 1529 1186 et
1544 1136 1661 1200 sepulcris
1676 1135 1794 1198 majorum

179 1222 342 1303 προγονικῶν
352 1217 533 1295 ἀγωνίζεσθαι.
1009 1236 1108 1273 suorum
1122 1222 1281 1273 decertarent

219 1308 344 1368 ΠΛΜΦ.
366 1304 422 1365 Καὶ
437 1302 489 1384 μὴν
507 1302 592 1364 καί
567 1302 696 1383 τοδόγμα
713 1307 790 1361 τουτο
800 1325 831 1382 γε
823 1302 954 1363 ἔστι
911 1326 966 1371 τοις
1039 1314 1156 1362 ΡΑΜΡΗ.
1173 1312 1238 1371 Quin
1254 1310 1328 1361 ettam
1339 1310 1386 1361 hoc
1398 1309 1484 1375 dogma
1501 1316 1538 1361 est
1551 1310 1729 1374 Peripateticis,
1746 1322 1796 1359 non

180 1395 418 1477 Περιπατητικοῖς,
428 1391 506 1500 τομὴ
518 1390 618 1475 σφόδρα
629 1413 800 1473 καταφρονειν
809 1414 966 1473 χρηματων,
1008 1399 1080 1449 nimis
1097 1404 1249 1450 contemnere
1264 1398 1375 1463 divitias,
1391 1400 1435 1451 sed
1450 1399 1548 1451 tertium
1563 1398 1685 1462 quoddam
1702 1397 1794 1449 bonum

180 1484 250 1543 ἀλλὰ
262 1481 349 1565 τρίτον
363 1504 390 1539 τι
402 1480 479 1559 ἀγαθ
471 1504 499 1539 ον
457 1480 560 1540 θκαί
572 1485 649 1539 τοῦτο
660 1477 769 1539 οίεσθαι.
1008 1485 1070 1537 illud
1080 1501 1177 1552 quoque
1188 1494 1279 1551 putare.

220 1569 339 1632 illlis
339 1572 432 1649 Ορθῶς
450 1566 544 1647 λε’γεις.
586 1567 662 1627 Φασὶ
682 1558 782 1648 γδρτ
752 1572 905 1642 ουνταῦτα,
919 1566 966 1627 καί
1039 1576 1112 1626 [ΥΟ.
1130 1578 1204 1626 Recte
1218 1576 1288 1625 dicis.
1320 1574 1495 1626 liuntscilIcet
1508 1574 1554 1625 ista
1561 1576 1658 1639 ,atque
1673 1588 1704 1628 ex
1718 1574 1796 1639 patrie

179 1659 249 1719 κατὰ
262 1654 345 1716 τὰ
306 1676 407 1735 πατρια
418 1653 577 1734 ίγίγνετο’
547 1657 635 1722 αυτοῖς
648 1658 663 1713 θ
675 1654 798 1733 πόλεμος.
1009 1663 1135 1728 disciplina
1145 1664 1236 1715 beilum
1247 1662 1305 1713 σθ’·
1290 1677 1319 1713 us
1329 1668 1425 1727 gestum
1437 1668 1483 1713 est.

221 1758 248 1807 4.
261 1741 600 1822 Τδιμετίιταῶταδὲῆδη
583 1766 671 1804 ακουε.
696 1742 795 1804 Πολλοι
806 1741 966 1823 μὲνγθρκαλ
1041 1756 1064 1803 t.
1082 1756 1143 1812 Quae
1161 1755 1243 1803 eutem
1258 1753 1314 1815 post
1328 1755 1458 1802 consecuta
1473 1756 1543 1814 eunt,
1559 1752 1611 1814 iam
1626 1750 1691 1802 audi.
1724 1752 1797 1803 Multi

180 1834 256 1891 άλλοι
273 1831 317 1891 τὸν
336 1830 473 1912 ἐπιτάφιον
490 1837 536 1889 τοῦ
557 1828 730 1896 ἀποθανόντος
750 1829 849 1889 ἐκείνου
869 1828 967 1909 ἠγωνί-
1009 1842 1074 1891 enim
1087 1842 1128 1891 alii
1138 1854 1235 1905 quoque
1247 1841 1272 1891 in
1284 1840 1424 1891 funebribus
1435 1838 1543 1890 delunetl
1560 1840 1624 1891 ludis
1635 1840 1795 1905 pugnabant:

181 1923 268 1989 ζοντο·
293 1918 339 1977 δύο
362 1914 391 1977 δὲ
412 1917 530 1997 μάλιστα
550 1909 619 1990 ἦσαν
641 1922 666 1977 oi
689 1918 849 1999 ἀμφήριστοι
870 1920 966 1990 αὐτῶν,
1009 1929 1059 1978 duo
1070 1934 1151 1979 autem
1162 1929 1266 1979 maxime
1278 1933 1346 1979 erant
1356 1941 1459 1991 quorum
1475 1941 1563 1991 anceps
1581 1933 1647 1979 esset
1658 1932 1797 1989 certamen,

180 2009 294 2079 Διοκλῆς
304 2029 333 2064 τε
347 2005 520 2088 θπρεσόύτης
531 2040 570 2051 -
582 1996 658 2065 οίσθα
672 2004 700 2064 θν
713 2006 800 2083 λέγω,
813 2005 858 2065 τὸν
871 2009 967 2087 ἐριστι-
1009 2017 1106 2068 Diocles
1124 2030 1197 2068 senex
1213 2017 1292 2081 (nosti
1310 2030 1382 2080 quem
1399 2015 1467 2077 dicei
1485 2017 1661 2067 contentiosum
1679 2016 1758 2079 illum)
1771 2022 1799 2066 et

180 2094 278 2155 κόν-
297 2092 343 2153 καί
355 2092 468 2171 Βαγώας
483 2098 498 2152 θ
510 2096 632 2174 εὐνοῦχος
643 2083 710 2152 εἶναι
722 2094 814 2153 δοκῶν.
855 2098 881 2155 Τ
883 2093 900 2152 θ
916 2093 965 2171 μὲν
1010 2107 1115 2168 Bagoas,
1127 2106 1170 2169 qui
1184 2110 1282 2168 putatur
1290 2105 1425 2155 eunuchus.
1444 2110 1477 2155 Ac
1490 2103 1606 2155 doctrine
1616 2105 1737 2155 certamen
1744 2104 1799 2167 iam

180 2174 225 2243 νύν
239 2186 291 2241 τῶν
302 2181 387 2260 λόγων
402 2180 586 2261 προηγώνιστο
600 2182 687 2248 αὗτοῖς
700 2181 746 2240 καί
758 2180 806 2253 vlu
828 2181 966 2264 ἐμπειρίαν
1010 2196 1065 2245 ante
1075 2197 1194 2245 certatum
1210 2193 1258 2243 illis
1269 2193 1347 2243 iuuat
1351 2192 1529 2257 ,peritiamque
1540 2192 1680 2255 dogmatum
1694 2197 1799 2254 uterque

180 2270 301 2352 ἑκάτερος
311 2272 364 2327 τῶν
370 2269 524 2379 δογμάτων
538 2268 703 2329 ἐπεδέδεικτο
716 2292 763 2328 και
752 2267 816 2327 ότι
835 2293 881 2328 του
901 2268 967 2349 ’Λρι-
1010 2280 1229 2343 demonstraverat,
1246 2293 1320 2345 seque
1335 2280 1457 2332 Aristoteli
1470 2281 1571 2344 eiusque
1587 2281 1713 2331 sententiis
1728 2280 1798 2331 addi·

179 2356 317 2425 στυτάλους
335 2356 380 2414 και
393 2360 445 2415 τῶν
463 2356 555 2439 ἐκείνῳ
575 2355 719 2416 δοκούντων
739 2355 839 2437 είχετο·
858 2357 903 2415 καί
922 2353 963 2434 μόι
1011 2370 1480 2421 ctumesse.1itsaneneuterillorum
1493 2369 1647 2420 craimelr'or.

178 2445 225 2504 τδν
238 2443 279 2506 Δί’
291 2442 379 2503 ούδέτε
411 2468 524 2511 ςαυτων
538 2417 707 2523 άμείνωνῆν.

221 2543 248 2594 5.
269 2530 343 2593 Τοδ
336 2446 526 2598 σίοτίλος
500 2530 601 2603 δικης
589 2556 615 2599 ες
628 2553 705 2591 τουτο
714 2529 852 2613 περιέστη
867 2528 918 2609 eet
919 2554 966 2610 με·
1042 2552 1064 2597 5.
1081 2545 1147 2596 Finis
1162 2558 1220 2609 ergo
1231 2558 1310 2597 eausa
1321 2544 1369 2595 huc
1386 2545 1488 2596 erasit:
1503 2544 1599 2596 Diocles
1610 2558 1702 2595 omisso
1716 2548 1798 2597 osten·

179 2641 222 2686 20<
237 2617 314 2699 γθρθ
328 2620 440 2691 Διοκλῆς
452 2625 498 2678 τοῦ
515 2618 644 2679 &witti
660 2617 694 2678 τὰ
709 2622 788 2678 αὑτοῦ
805 2618 960 2697 μετίθαινεν
1010 2632 1067 2684 dere
1076 2646 1120 2683 sua
1129 2634 1226 2695 merita,
1233 2633 1265 2683 ad
1272 2636 1376 2697 Bagoam
1387 2632 1493 2695 transiit,
1501 2639 1526 2683 et
1534 2634 1608 2683 vrum
1618 2634 1723 2684 maxime
1732 2633 1800 2684 illius

180 2702 226 2767 tasi
239 2706 283 2765 τδν
299 2705 414 2784 Βαγώαν
427 2706 473 2765 καί
493 2706 637 2786 διελέγχειν
651 2709 774 2788 ἐπειρᾶτο
789 2705 946 2785 μοθιιστα
921 2729 967 2765 τον
1010 2721 1184 2785 reprehendere
1201 2722 1303 2773 topiarii
1321 2738 1328 2772 :
1348 2725 1374 2773 et
1394 2720 1479 2773 eadem
1502 2721 1593 2773 treione
1615 2721 1689 2773 eiiam
1705 2724 1800 2787 Bago„

182 2794 238 2875 βίον
256 2795 352 2853 αύτοῶ·
367 2792 437 2853 κατὰ
448 2793 534 2854 ταύτὰ
551 2794 579 2854 δὲ
593 2794 639 2853 καί
653 2798 667 2855 ὁ
681 2793 794 2874 Βαγώας
811 2792 967 2865 ἀντεξήταζε
1010 2816 1092 2861 muira
1104 2811 1129 2861 in
1140 2812 1205 2861 iliius
1216 2810 1291 2862 eiiam
1301 2811 1434 2875 inquisivit„

179 2880 225 2941 τδν
237 2880 337 2941 ἐκείνου
369 2880 415 2943 ίον.

221 2884 500 3041 ΠΛΜΦ.βΕίιιότως,
517 2956 540 3027 ώ
553 2972 666 3030 Λυκῖνε·
681 2965 772 3028 καὶτὰ
783 2968 867 3027 πλείω
878 2991 909 3046 γε
919 2974 967 3029 τοῶ
1042 2980 1158 3030 ΡΑΜΡΗ.
1175 2978 1262 3029 lierito
1279 2978 1339 3029 illud
1357 2978 1469 3043 quidem,
1487 2980 1577 3042 Lycine
1590 2994 1596 3029 :
1609 2991 1638 3030 ac
1654 2980 1730 3043 major
1741 2992 1800 3044 pare

180 3054 260 3136 λόγου
271 3054 333 3138 περί
342 3053 434 3115 τούτοιν
445 3058 546 3135 μᾶλλον
557 3060 638 3138 ἐχρῆν
649 3048 716 3115 ε’ίναι
725 3058 820 3124 αὐτοῖς
830 3060 865 3124 ὡς
874 3057 967 3137 ἔγωγε,
1010 3068 1125 3117 orationis
1136 3068 1226 3117 versari
1238 3067 1286 3119 illis
1297 3068 1360 3117 circa
1375 3068 1422 3117 hoc
1433 3068 1514 3132 potius
1525 3068 1636 3119 debebat.
1652 3070 1714 3118 liam
1731 3069 1799 3132 equi·

182 3147 206 3204 εἰ
218 3144 331 3213 δικάζων
345 3141 499 3223 ἐτύγχανον,
516 3143 560 3203 ἐπὶ
573 3148 612 3226 τῷ
626 3141 736 3224 τοιούτῳ
753 3142 784 3203 rb
799 3144 889 3205 πλεῖον
909 3146 968 3204 δια-
1011 3156 1066 3207 dem
1076 3158 1097 3207 si
1107 3156 1182 3219 judex
1193 3170 1286 3219 essem,
1297 3157 1322 3205 in
1331 3156 1373 3206 tali
1384 3170 1411 3206 re
1422 3156 1542 3220 praecipue
1553 3156 1726 3206 immoraturus
1736 3157 1800 3209 mibi

180 3236 274 3315 τρῖψαι
285 3231 317 3291 άν
330 3254 375 3311 μοι
393 3232 462 3290 δοκῶ
477 3230 522 3291 τὸν
542 3230 649 3309 ἄμεινον
663 3236 769 3313 βιοῦντα
779 3235 881 3310 μᾶλλον
893 3232 910 3305 ἢ
922 3233 968 3295 τὸν
1010 3244 1103 3306 videor,
1115 3258 1271 3309 quarumque
1282 3246 1375 3309 potius,
1387 3246 1441 3295 uter
1453 3244 1538 3295 melius
1550 3244 1653 3307 uixerit,
1665 3258 1740 3309 quem
1754 3243 1800 3309 qui

180 3322 208 3379 ἐν
221 3328 274 3387 τοῖς
284 3318 371 3399 λόγοις
380 3320 468 3387 αὐτοῖς
478 3318 677 3403 προχειρότερον
689 3322 774 3394 ζητῶν
784 3321 830 3380 καί
841 3321 968 3382 οίκειότε-
1010 3334 1127 3398 promtior
1132 3332 1280 3399 eitoratioue,
1285 3332 1568 3397 eumquemaglsalllnem
1575 3332 1798 3397 victoriariudioem

181 3432 225 3491 ρον
237 3432 271 3489 τη
253 3406 343 3486 νίκη
355 3406 478 3484 νομίζων.

220 3508 248 3558 θ.
269 3499 357 3558 ΛΥΚ.
379 3488 420 3555 Ευ
428 3493 513 3641 λεγεις
523 3492 594 3573 κάμὲ
605 3494 742 3579 θμόγηφον
758 3496 840 3555 ἐν
795 3520 880 3556 roure>
866 3496 967 3579 ἔχεις
1042 3516 1065 3561 e.
1082 3508 1153 3561 1.Υο
1171 3510 1235 3561 Bene
1251 3508 1326 3571 dicis,
1341 3521 1428 3573 meque
1444 3522 1473 3559 ea
1488 3509 1512 3559 iu
1527 3522 1555 3559 re
1570 3508 1741 3573 suffragantem
1753 3509 1800 3559 tibi

179 3584 259 3647 Ἐπεί
273 3582 301 3645 δὲ
316 3582 432 3661 άλιςμέν
446 3606 517 3663 εχον
531 3581 716 3665 βλασφημιῶν,
732 3582 788 3650 ἅλις
802 3558 967 3666 δὲέλόγχων,
1011 3598 1094 3649 babes.
1113 3600 1194 3656 Quum
1203 3610 1261 3649 vero
1271 3597 1330 3647 saus
1342 3596 1457 3647 baberent
1466 3595 1662 3648 eonrrcrorumet
1670 3610 1798 3647 crimmum

179 3696 211 3734 το
196 3672 370 3733 τελευταῖον
381 3671 432 3744 ἤδη
444 3676 459 3731 ό
473 3674 586 3743 Διοκλῆς
600 3670 663 3755 ἔφη,
678 3669 746 3751 μηδὲ
759 3669 807 3742 riu
822 3671 908 3753 ἀρχὴν
923 3678 968 3733 θε·
1011 3686 1085 3747 eatis,
1097 3684 1224 3749 denique'
1215 3700 1265 3748 iam
1276 3685 1372 3749 negarit
1384 3684 1479 3735 Diocles
1493 3686 1591 3735 omnino
1602 3686 1638 3735 ias
1647 3698 1701 3735 esse
1711 3686 1799 3748 Bagoae

182 3761 256 3838 μιτὸν
277 3750 344 3819 εἶναι
363 3760 402 3839 τῷ
415 3758 515 3840 Βαγώφι
538 3762 736 3836 μεταποιεῖσθαι
756 3759 908 3841 φιλοσοφίας
922 3760 968 3819 καί
1011 3776 1113 3825 tractare
1124 3773 1301 3837 philosophiam
1312 3779 1338 3824 et
1349 3774 1448 3836 praemia
1459 3772 1523 3823 illius
1532 3773 1657 3837 affectare,
1667 3774 1709 3837 qui
1721 3787 1799 3823 eunu-

180 3851 233 3907 τῶν
255 3846 296 3907 ἐπ’
311 3848 378 3927 αὐτῇ
396 3844 534 3924 ἀριστείων
549 3844 665 3926 εὐνούχῳ
677 3868 708 3926 γε
731 3844 801 3920 όντι,
820 3847 889 3906 alil
908 3847 968 3916 τοὺς
1012 3862 1116 3913 enussu
1132 3862 1212 3912 :tales
1222 3876 1280 3911 vero
1291 3874 1340 3911 non
1349 3860 1422 3911 modo
1431 3860 1470 3911 bis
1484 3860 1557 3911 rebus
1565 3861 1727 3912 excludendos
1735 3861 1799 3911 affu-
1848 3908 1849 3911 ,

181 3934 314 4001 τοιούτους
326 3936 376 4013 ῠῦχ
389 3934 460 3999 ὅπως
469 3932 569 3991 τθίτων
583 3934 786 3992 ἀποκεκλεῖσθαι
796 3934 884 4015 ἠξίου,
899 3936 968 3995 ἀλλὰ
1011 3950 1101 4013 mavit,
1110 3950 1154 4001 sed
1162 3951 1237 4001 sacris
1244 3950 1496 4014 ipsis,etlustralibus
1505 3949 1584 4011 vasis,
1594 3955 1620 4000 et
1628 3949 1799 4001 communibus

181 4023 227 4084 καί
240 4024 316 4105 ἱερῶν
331 4023 417 4080 αὐτῶν
437 4018 483 4079 καί
496 4019 720 4102 περιρραντηρίων
736 4020 782 4081 καί
801 4026 853 4081 τῶν
875 4028 969 4085 κοινῶν
1011 4038 1129 4089 uniuersis
1140 4038 1257 4099 coetibus;
1269 4038 1444 4102 inauspicatum
1463 4050 1515 4088 esse
1531 4038 1692 4101 pronuncians
1703 4042 1728 4089 et
1741 4038 1798 4089 abo·

181 4110 306 4172 θπάντων
328 4106 471 4187 συλλόγων,
492 4107 675 4167 δυσοιώνιστόν
701 4131 727 4166 τι
748 4109 900 4191 ἀποφαίνων
921 4113 968 4172 καί
1011 4126 1124 4177 minabile
1135 4126 1315 4190 spectaculum,
1329 4126 1350 4176 si
1365 4126 1421 4189 quis
1437 4140 1507 4177 mane
1517 4126 1589 4177 domo
1599 4140 1710 4190 egressus
1723 4127 1798 4178 talem

181 4197 341 4269 δυσάντητον
363 4196 462 4275 θέαμα,
480 4193 505 4254 εί
526 4218 566 4261 τις
584 4194 662 4253 ἕωθεν
683 4193 755 4264 liubi
770 4199 801 4256 ἔκ
820 4202 867 4269 τῆς
884 4199 969 4270 νίκίας
1010 4214 1132 4280 quendam
1151 4214 1246 4265 viderit.
1278 4218 1311 4264 Et
1328 4212 1373 4264 suit
1393 4214 1427 4264 illi
1440 4213 1532 4265 multus
1550 4215 1596 4265 bac
1613 4214 1644 4265 de
1660 4229 1686 4265 re
1701 4228 1796 4276 εεειιιο,

180 4286 232 4346 ίδοι
248 4283 364 4345 τοιουτόν
380 4308 448 4343 τινα.
491 4281 547 4344 Και
560 4281 641 4350 πολύς
658 4275 691 4356 ἦν
710 4288 724 4343 θ
742 4284 861 4368 erepl'
815 4310 908 4347 τουτου
921 4288 967 4348 λό-
1010 4302 1680 4368 ηιιιιιιιιιοηυενίνιιιιιυοηυεῐεοιίοιιιιοοεεευυυιθυιιι
1691 4303 1797 4365 diceret,

180 4398 238 4454 γος,
252 4370 311 4433 ούτε
331 4371 458 4455 άνδρα’
428 4394 488 4432 oure
502 4394 615 4452 γυναικα
636 4362 703 4431 εἶναι
716 4370 761 4431 τδν
747 4375 902 4455 νεύνοῶχον
919 4377 966 4436 λε’-
1011 4394 1739 4461 mmmmsiiumquidifflstimiiiumaffligimini,
1749 4398 1797 4447 eii

180 4484 283 4541 γοντος,
302 4459 371 4519 ἀλλά
390 4484 416 4520 τι
435 4460 555 4520 σύνθετον
578 4457 625 4519 καί
645 4458 738 4538 μικτδν
756 4461 803 4521 καί
823 4466 969 4544 τερατῶδες
1010 4491 1096 4539 miii„
1108 4487 1214 4538 immina
1224 4484 1364 4537 &bimi-iem,

181 4548 278 4617 ίξω
246 4572 293 4619 της
307 4549 354 4605 άνθ
356 4546 517 4629 ρωπείας’
484 4571 594 4631 φυσεως.

220 4638 348 4699 ΠΛΜΦ.
356 4570 730 4749 ρΚαινόνγετδέγκλημαφὴ
731 4626 967 4715 ς,ῶΛυκῖνε,καί
1041 4648 1158 4698 ΡΛΜΡΗ.
1174 4647 1271 4698 Novum
1280 4645 1370 4696 cumen
1379 4656 1463 4695 narras
1468 4642 1695 4708 bieme,iamque
1704 4642 1795 4707 lpsetd

180 4724 231 4799 ἤδη
244 4726 324 4806 γελαν
337 4724 384 4783 καί
398 4716 521 4801 αότδς,ώ
534 4728 637 4807 ἑταῖρε,
652 4748 805 4807 προαγομαι
817 4751 864 4800 της
877 4751 966 4810 παρα·
1010 4734 1101 4797 risum,
1114 4734 1215 4797 sodalis,
1227 4733 1342 4797 adducor,
1359 4734 1546 4798 inexspectatam
1561 4733 1739 4784 accusationem
1754 4744 1796 4783 su·

179 4811 254 4882 δόξου
267 4810 365 4885 ταύτης
378 4814 538 4899 κατηγορίας
552 4813 663 4877 ἀκούων.
712 4804 830 4876 Τίδ’
799 4838 845 4874 ουν
859 4814 964 4899 ἅτερος
956 4862 966 4892 ,
1009 4823 1087 4875 diens
1104 4822 1208 4887 Quid'„
1184 4837 1208 4872 ιν
1209 4824 1256 4874 itur
1273 4822 1348 4875 alteri
1366 4821 1484 4885 numquid
1502 4826 1555 4873 turn
1572 4821 1678 4886 quievit,
1694 4832 1726 4873 tn
1743 4822 1796 4887 ipse

180 4894 233 4983 δρα
249 4898 328 4975 τλνὴ
311 4900 426 4981 ἡσυχίαν
440 4903 550 4984 ἤγαγεν,
566 4901 663 4975 ἤπ
598 4927 624 4962 τι
642 4926 707 4985 πρ
680 4926 815 4971 οςταυτα
829 4904 920 4964 καῖ’
890 4905 967 4975 αυτὸς
1009 4910 1487 4978 quoquecontrahaeedieerequicquam
1498 4924 1572 4963 susm
1580 4914 1634 4962 est?

180 4992 310 5049 ἀντειπεῖν
320 4988 466 5069 ἑτολμησες

221 5087 250 5140 7.
272 5078 359 5139 ΛΥΚ.
381 5078 426 5140 Te
440 5077 489 5158 μὲν
503 5082 595 5161 πρῶτα
607 5080 651 5139 ὑπ’
662 5080 749 5147 αἷδους
760 5078 807 5139 καί
818 5079 966 5150 δειλίας-
1041 5093 1064 5141 7.
1081 5090 1154 5141 LYG.
1166 5087 1248 5141 Primo
1259 5087 1358 5153 quidem
1366 5087 1517 5153 properiore
1526 5100 1554 5139 ac
1563 5092 1629 5141 metu
1637 5087 1794 5153 ,quodiami

180 5166 274 5224 οἰκεῖον
287 5162 339 5246 γδιρ
351 5168 438 5235 αὐτοῖς
449 5167 480 5227 sd
492 5173 608 5227 τοιοῦτον
620 5198 654 5209 -
667 5167 712 5226 ἐπὶ
725 5167 792 5228 πολθ
806 5166 908 5228 ἐσιώπα
919 5169 967 5230 καί
1008 5176 1067 5230 liare
1076 5178 1115 5229 bis
1125 5182 1176 5241 est,
1186 5178 1229 5229 diu
1236 5178 1330 5230 iacebat
1337 5176 1495 5229 erubescebat
1504 5181 1529 5229 et
1536 5177 1661 5229 manifeste
1670 5176 1791 5228 sudabat:

180 5252 290 5337 ἠρυθρία
303 5254 350 5314 καί
371 5253 444 5314 ἰδίων
457 5253 568 5336 φανερὸς
585 5246 629 5328 ἥν,
642 5253 716 5322 τέλος
729 5254 758 5316 dl
770 5254 865 5316 λεπτόν
877 5280 904 5318 τι
916 5256 963 5318 καί
1008 5267 1106 5320 undem
1124 5280 1183 5319 uero
1197 5271 1269 5321 tcum
1286 5266 1403 5331 quiddam
1420 5279 1510 5318 sonans
1526 5278 1554 5321 ec
1566 5266 1696 5329 muliebre,
1712 5264 1795 5329 inique
