3825 5909
128 411 255 509 (ιιι-ον

167 578 215 629 76.
237 561 334 626 Καίτοι
349 557 412 640 πρδς
426 559 473 626 τής
487 556 595 628 Ἀθηνᾶς
609 553 714 612 ἅπαντα
734 551 783 630 μὲν
800 551 818 611 θ
834 550 908 632 ἔφην,

125 657 248 733 έάσωμεν
260 651 340 711 αὐτοῦ
352 644 544 711 καταθαλόντες
554 643 599 702 καί
611 641 679 712 λήθη
694 665 732 708 τις
745 640 813 700 ἔστω
825 642 910 699 αὐτῶν

124 745 216 824 ὥσπερ
231 744 282 800 τῶν
296 736 347 820 πρὸ
362 733 503 796 Εὐκλείδου
518 731 642 812 ἄρχοντος
653 727 833 874 πραχθέντων,
845 731 910 786 ὑπο-

655 414 716 474 xx.
739 407 1051 474 tiballottlliis.
1073 417 1211 470 το-το.

1723 488 1727 497 r

1720 502 1723 511 r

986 563 1025 609 7ο.
1042 559 1200 619 Quanquam,
1216 569 1258 619 per
1269 567 1313 618 ego
1330 555 1356 605 le
1367 555 1500 606 blinerram
1511 569 1568 618 oro,
1580 568 1741 620 quascumque

955 639 1004 689 dixi
1024 639 1075 702 jam
1088 639 1251 701 relinquamus
1266 638 1307 686 bic
1324 637 1433 700 deposita
1451 637 1544 698 omnia,
1559 638 1639 700 sitque
1658 649 1741 687 eornm

955 723 1060 784 oblivio,
1076 726 1104 771 nt
1121 733 1205 771 eornm
1222 733 1278 782 quac
1297 727 1353 770 ante
1371 720 1496 772 Euclidem
1515 722 1654 770 arcbontcm
1675 721 1738 770 lacta

125 831 230 910 θέμενοι
251 825 278 886 δὲ
300 823 397 896 ταύτην
421 817 574 902 φιλοσοφίαν
598 815 676 899 ὀρθήν
701 839 768 875 εναι
786 813 834 888 τήν
859 817 911 874 τῶν
955 811 1028 870 ⁸⁰³¹»
1046 817 1212 869 P⁰⁰³¹¹¹¹¹⁸⁴l⁰<³
1230 804 1291 852 ”³¹³⁰
1307 804 1440 853 ⁸¹⁰5⁰⁰i¹¹¹¹¹
1458 803 1634 866 lihi¹⁰⁸⁰l>hilm
1660 815 1743 851 ierim

126 919 264 988 Στωϊκῶν,
281 913 363 984 άλλην
381 909 407 969 δὲ
423 909 486 986 μηδ’
505 911 655 978 ἡντιναοῦν,
669 903 767 981 ίδωμεν
781 904 805 962 εἰ
818 901 911 984 ε’φικτλ

125 1007 195 1078 αῦτη
217 1003 263 1064 καὶ
284 997 380 1070 δυνατή
404 999 483 1068 ἐστιν,
504 993 522 1064 ἢ
544 991 630 1071 μάτην
654 991 796 1070 κάμνουσιν
822 988 913 1050 ὁπόσοι

125 1095 244 1176 ἐφίενται
258 1091 352 1158 αὐτῆς·
365 1084 411 1152 τάς
426 1081 472 1161 μὲν
485 1081 536 1160 γάρ
546 1078 699 1159 ὑποσχέσεις
708 1077 796 1136 άκούω
810 1082 913 1156 θαυμα-

125 1182 192 1249 στάς
205 1202 293 1254 τινας,
308 1174 389 1247 ἡλίκα
401 1169 632 1248 εὐδαιμονήσουσιν
647 1169 671 1224 oi
686 1169 710 1232 ἐς
721 1165 751 1223 τθ
769 1163 913 1244 ἀκρότατον

125 1269 259 1334 ἐλθόντες·
274 1265 367 1343 μόνους
376 1259 426 1342 γάρ
440 1257 545 1323 τούτους
556 1255 643 1314 πάντα
656 1252 834 1319 συλλαῦόντας
849 1251 913 1321 ἕξειν

125 1358 160 1419 τά
172 1362 211 1439 τῷ
228 1356 283 1414 όντι
297 1351 391 1430 άγαθά.
432 1347 472 1408 Τὸ
485 1343 551 1423 μετά
567 1349 652 1402 ταῦτα
667 1340 694 1401 δὲ
711 1341 742 1400 σύ
763 1341 794 1399 θν
809 1341 914 1418 ἄμεινον

126 1445 236 1515 εἰδείης,
247 1441 271 1499 εί
280 1463 330 1497 τινι
340 1435 513 1514 ἐντετύχηκας
523 1433 635 1510 Στωϊκῷ
643 1428 752 1510 τοιούτῳ
764 1429 809 1488 καί
824 1431 914 1488 Στωϊ-

125 1537 182 1593 κῶν
201 1533 240 1610 τῷ
260 1527 346 1609 άκρῳ,
366 1522 412 1604 οἵῳ
433 1521 501 1599 μήτε
521 1521 660 1578 λυπεῖσθαι
680 1517 742 1596 μήθ’
761 1517 802 1599 ὑφ’
822 1518 916 1587 ἡδονῆς

126 1621 316 1680 κατασπᾶσθαι
329 1611 395 1690 μήτε
413 1609 574 1690 ὀργίζεσθαι,
588 1604 681 1686 φθόνου
691 1603 719 1662 δὲ
731 1603 856 1686 κρείττονι
870 1603 915 1662 καί

125 1707 244 1768 πλούτου
261 1704 465 1782 καταφρονοῦντι
479 1696 524 1755 καί
536 1692 650 1760 συνόλως
666 1692 813 1770 εὐδαίμονι,
828 1696 915 1750 ὑποῖον

126 1795 182 1877 χρὴ
194 1793 237 1852 τδν
248 1789 344 1851 κανόνα
355 1779 420 1846 εἶναι
430 1783 475 1844 καί
486 1780 608 1861 γνώμονα
623 1787 668 1840 τοῦ
683 1779 752 1839 κατά
763 1779 811 1852 τήν
821 1779 915 1862 άρετλν

130 1866 188 1964 βίου
203 1914 240 1926 -
252 1884 266 1938 ὑ
279 1877 330 1958 γάρ
341 1874 386 1934 καί
402 1871 470 1932 κατὰ
481 1868 637 1952 μικρότατον
650 1868 741 1928 ἐνδέων
752 1867 917 1940 ὐτελὴς,κθιν

128 1972 218 2032 πάντα
227 1965 310 2027 πλείω
322 1964 370 2043 ἔχῃ
382 2003 416 2012 -—
427 1965 449 2020 εἰ
459 1959 486 2019 δὲ
496 1965 571 2018 τοῦτο
581 1955 653 2102 οὐχὶ,
663 1955 764 2015 οὐδέπω
774 1955 916 2034 εὐδαίμων.

173 2071 221 2120 77.
244 2055 333 2115 ΕΡΜ.
355 2047 458 2111 Οὐδένα
470 2053 587 2106 τοιοῦτον
601 2067 613 2104 ε
626 2045 676 2102 δον.

171 2145 258 2207 ΛΥΚ.
283 2132 323 2201 Εὐ
339 2162 384 2219 γε,
405 2127 426 2196 ιύ
447 2133 607 2215 Ἑρμότιμε,
628 2131 669 2190 ὅτι
689 2133 719 2190 οὐ
739 2129 822 2212 ψεύδῃ
842 2129 916 2190 ἑκών.

131 2238 180 2303 Εἰς
190 2232 216 2292 τί
225 2233 248 2290 δ’
258 2221 302 2290 οὐν
315 2225 472 2285 άπούλέπων
482 2224 641 2304 φιλοσοφεῖς,
652 2219 714 2278 όταν
724 2223 785 2300 δρᾷς
796 2218 863 2297 μήτε
874 2217 917 2278 τὸν

132 2319 290 2383 διδάσκαλον
300 2314 344 2373 τύν
354 2311 398 2371 οὑν
410 2309 476 2390 μήτε
486 2309 530 2367 τὸν
539 2307 637 2366 ἐκείνου
648 2305 714 2383 μήτε
723 2306 767 2365 τὸν
780 2305 831 2386 πρύ
839 2307 918 2366 αὐτοῦ

133 2410 195 2489 μηδ’
208 2406 240 2466 διν
254 2407 289 2472 είς
306 2398 456 2479 δεκαγονίαν
469 2396 603 2476 ἀναγάγῃς
621 2391 721 2473 μηδένα
740 2396 825 2454 αὐτῶν
840 2394 918 2475 οοφθν

132 2495 248 2578 άκριὺῶς
257 2491 301 2552 καὶ
311 2489 354 2548 διά
363 2493 441 2547 τοῦτο
451 2485 592 2562 εὐδαίμονα
603 2483 789 2561 γεγενημένον,
800 2482 858 2542 οὐδὲ
867 2481 919 2564 γὰρ

133 2586 165 2646 διν
182 2588 266 2644 ἐκεῖνο
278 2582 357 2660 ὀρθῶς
371 2575 467 2647 εἴποις,
482 2578 516 2640 ὡς
533 2571 638 2652 ἀπόχρη
661 2569 710 2629 κθν
723 2569 835 2642 πλησίον
857 2570 918 2649 γένῃ

132 2679 180 2744 τῆς
189 2666 369 2746 εὐδαιμονίας,
380 2661 437 2721 ἐπεὶ
447 2659 519 2720 οὐδὲν
531 2659 635 2739 ὄφελος·
646 2655 742 2735 δμοίως
753 2656 803 2737 γάρ
815 2655 864 2726 ἔξω
873 2663 919 2716 τοῦ

132 2763 192 2821 ὀδοῦ
206 2763 262 2818 ἐστι
274 2754 319 2813 καί
327 2737 359 2810 ’ἐν
374 2753 412 2831 τῷ
426 2749 545 2828 ὑπαίθρῳ
558 2745 574 2804 ό
585 2769 615 2804 τε
628 2742 702 2824 παρδι
715 2744 763 2816 τὴν
779 2742 859 2823 θύραν
871 2743 920 2812 ἔξω

133 2847 215 2914 ἑστώς
236 2842 282 2904 καί
300 2845 314 2899 ὑ
333 2839 437 2917 πόρρω,
462 2832 641 2894 διαλλάττοιεν
659 2831 681 2890 δ’
702 2830 743 2902 διν,
763 2829 803 2890 ότι
819 2832 921 2909 μᾶλλον

133 2926 210 3001 οὗτος
224 2927 360 2990 ἀνιάσεται
375 2929 441 3005 ὑριῦν
462 2920 567 3000 ἐγγύθεν
582 2919 643 2979 οἴων
664 2916 810 2998 ἐστέρηται.
851 2909 920 2978 Εἶτα

132 3024 176 3083 ίνα
191 3018 302 3091 πλησίον
317 3013 378 3095 γίνῃ
394 3016 442 3083 τῆς
454 3008 619 3087 εὐδαιμονίας
635 3041 675 3054 -
691 3005 768 3064 δώσοι
779 3003 831 3086 γάρ
844 3005 921 3064 τοῦτό

135 3135 177 3171 σοι
185 3139 224 3155 -
238 3109 355 3165 τοσαῦτα
366 3100 453 3166 πονεῖς
463 3095 635 3178 κατατρύχων
647 3093 764 3166 σεαυτδν,
778 3093 823 3152 καὶ
834 3115 921 3174 παρα-

135 3192 285 3278 δεδράμηκὲ
299 3215 328 3251 σε
341 3194 355 3248 ὑ
369 3187 447 3268 βίοςὺ
461 3191 581 3251 τοσοῦτος
595 3186 622 3242 ἐν
636 3179 733 3263 άκηδίφ
748 3179 794 3240 καί
808 3180 921 3262 καμάτῳ

135 3284 182 3346 καί
194 3279 348 3361 ἀγρυπνίαις
359 3275 431 3336 κάτιυ
441 3270 594 3344 νενευκότα,
606 3269 651 3330 καί
663 3272 776 3336 εἰσαῦθις
785 3267 920 3341 πονήσεις,

136 3379 171 3440 ὡς
179 3369 243 3453 φής,
254 3369 323 3428 ιίλλα
334 3364 430 3424 είκοσιν
439 3361 485 3431 ἔτη
498 3357 678 3439 τούλάχιστον,
686 3355 922 3434 ίναύγδοηκοντού-

135 3485 183 3533 της
194 3456 330 3537 γενόμενος
344 3487 380 3497 -
392 3449 416 3510 εί
434 3473 471 3516 τις
489 3448 616 3527 ἐγγυητής
631 3444 687 3506 ἐστί
707 3468 762 3516 σοι,
782 3443 822 3503 ότι
838 3442 921 3524 βιώσῃ

136 3553 253 3608 τοσαῦτα
267 3578 306 3588 -
319 3540 389 3619 ὅμως
402 3529 433 3618 ᾖς
445 3540 471 3595 ἐν
485 3538 537 3604 τοῖς
549 3533 659 3612 μηδέπω
675 3533 886 3609 εὐδαιμονοῦσιν;
899 3533 922 3589 εί

138 3635 176 3717 μὴ
194 3635 271 3714 μόνος
286 3629 334 3691 οίει
347 3625 481 3695 τεύξεσθαι
493 3621 584 3683 τούτου
597 3621 642 3679 καλ
657 3621 774 3700 αἱρήσειν
790 3616 890 3678 διώκων
908 3617 922 3677 θ

136 3724 190 3806 πρὸ
202 3728 249 3782 σοῦ
263 3719 336 3798 μάλα
347 3713 440 3774 πολλοί
452 3709 562 3790 κάγαθοί
575 3709 620 3769 καί
632 3707 758 3790 ὠκύτεροι
772 3704 846 3786 παρδι
856 3705 922 3765 πολὺ

137 3813 274 3874 διώκοντες
283 3809 312 3865 οὐ
324 3799 478 3864 κατελαὺον.

179 3911 227 3961 78.
250 3893 329 3955 ’dall
349 3891 393 3950 καί
414 3883 562 3957 κατάλαῦε,
581 3886 604 3942 εί
621 3885 705 3954 δοκεῖ,
731 3879 777 3938 καλ
800 3877 844 3961 ἔχε
864 3877 924 3940 θλον

138 3983 289 4055 συλλαύὼν,
301 3981 331 4040 τὺ
343 3977 389 4058 μὲν
404 3975 436 4048 δὴ
453 3977 556 4056 πρῶτον
572 3973 622 4051 οὐχ
632 3975 685 4054 ipa
699 3965 750 4028 ὅτι
762 3969 821 4027 ποτ’
836 3966 867 4027 ἂν
882 3967 923 4040 εἴη

136 4077 262 4152 τάγαθὸν,
276 4075 311 4136 ώς
326 4065 444 4134 ἀντάξιον
457 4065 541 4122 δοκεῖν
555 4063 607 4118 τῶν
618 4059 704 4117 πόνων
717 4061 769 4116 τῶν
784 4056 923 4116 τοσούτων·

138 4166 232 4225 ἔπειτα
247 4163 271 4228 ἐς
288 4157 368 4217 πόσον
385 4152 476 4213 ίτιτδν
487 4149 578 4210 λοιπδν
595 4145 687 4228 χρόνον
705 4141 863 4210 ἀπολαύσεις
876 4146 923 4203 αὐ-

137 4259 185 4313 τοῦ
195 4249 279 4329 γέρων
288 4246 341 4318 ἤδη
351 4243 396 4302 καί
406 4239 504 4305 παντὸς
514 4235 588 4309 ἡδέος
598 4235 690 4314 ἔξωρος
702 4229 738 4291 ών
750 4229 796 4290 καί
808 4231 853 4290 τδν
868 4231 925 4289 ῖτε-

168 4337 277 4406 νιτόδα,
291 4331 382 4414 φασὶν,
397 4331 424 4386 ἐν
436 4351 469 4404 τῃ
479 4329 549 4406 σορῷ
563 4321 645 4402 ίχων;
663 4323 686 4379 εἰ
706 4319 743 4398 μή
755 4343 781 4377 τι
795 4321 821 4386 ἐς
833 4319 923 4392 ἄλλον,

956 905 1027 951 osse,
1043 891 1119 939 allam
1140 903 1199 938 rero
1222 900 1402 950 quamcumque
1421 887 1513 935 nullam
1537 901 1543 934 ι
1564 899 1595 935 ac
1616 885 1744 935 rideamus

957 971 1058 1032 deinde,
1076 985 1137 1020 num
1155 971 1196 1020 illa
1211 969 1267 1020 talis
1284 970 1329 1029 sit,
1346 969 1466 1030 adquam
1486 970 1610 1031 pervenire
1630 973 1654 1016 et
1669 979 1744 1030 quam

958 1053 1053 1115 assequi
1061 1049 1745 1116 aliquispossit;arrverolrrrstralaborentquotquotillam

958 1131 1153 1192 concupiverunt.
1172 1129 1250 1178 anullo
1262 1129 1325 1176 enim
1334 1126 1486 1176 admirabilia
1497 1126 1608 1188 quaedam
1616 1140 1672 1175 esse
1680 1126 1746 1175 illins

959 1210 1077 1273 promissa
1092 1209 1122 1258 dc
1131 1221 1214 1258 corum
1228 1207 1354 1265 felicitate,
1365 1207 1406 1269 qni
1422 1205 1454 1254 ad
1472 1205 1594 1266 fastigium
1606 1206 1659 1268 ejus
1673 1205 1746 1256 delati

959 1288 1007 1337 sint
1020 1303 1026 1336 ι
1038 1287 1102 1336 solos
1117 1287 1205 1348 quippe
1217 1286 1271 1334 illos
1285 1297 1341 1334 uera
1353 1284 1416 1332 bona
1431 1283 1555 1332 babituros
1572 1284 1595 1331 in
1607 1283 1746 1332 universum

959 1369 1047 1417 omnia.
1081 1366 1152 1424 Quod
1163 1379 1220 1413 roro
1228 1366 1346 1427 seqnitur,
1356 1362 1443 1412 malins
1452 1367 1505 1410 tute
1514 1363 1593 1423 noris,
1603 1362 1746 1412 irrciderisnc

960 1458 1067 1507 unquam
1083 1444 1110 1494 in
1126 1443 1234 1493 Stoicum
1254 1441 1339 1500 talem,
1356 1445 1381 1490 et
1396 1453 1519 1488 summum
1536 1440 1686 1500 Stoicorum,
1705 1438 1747 1502 qui

960 1533 1083 1586 nunquam
1099 1520 1209 1568 vincatur
1221 1518 1316 1578 dolore,
1327 1517 1357 1566 ad
1374 1516 1523 1578 uoluptatem
1535 1529 1658 1578 nunquam
1670 1515 1747 1565 detra·

961 1601 1041 1658 batur,
1050 1600 1166 1648 irascatur
1175 1594 1461 1658 nunqnam,quiinvidia
1470 1593 1748 1656 majorsit‚diritiarum

961 1682 1104 1736 contemtor,
1120 1679 1159 1735 et,
1178 1687 1226 1723 uno
1242 1672 1330 1728 verbo,
1346 1673 1446 1732 beatus,
1458 1673 1553 1734 qualem
1567 1674 1662 1734 oportet
1677 1684 1748 1730 asso,

962 1771 1038 1807 canon
1048 1759 1091 1820 qni
1103 1755 1185 1804 baberi
1198 1754 1256 1804 velit
1268 1758 1294 1803 et
1309 1753 1392 1815 reprla
1407 1753 1465 1802 ritas
1477 1752 1508 1801 ad
1523 1752 1638 1801 virtutem
1654 1763 1748 1813 compo·

963 1838 1017 1886 sitm
1034 1851 1040 1884 :
1058 1835 1099 1898 qui
1112 1834 1176 1884 enlm
1190 1833 1229 1882 rel
1245 1833 1345 1881 minima
1360 1831 1385 1880 in
1401 1843 1428 1880 ro
1444 1831 1576 1890 deficiatur,
1592 1829 1750 1892 imperfectus

961 1919 1012 1976 est,
1024 1914 1180 1978 quantumvis
1188 1911 1301 1961 omnibus
1312 1911 1337 1960 in
1349 1910 1421 1960 robus
1430 1911 1483 1960 aliis
1492 1914 1598 1975 superet
1630 1912 1682 1958 lloc
1691 1921 1750 1958 reso

962 1992 983 2041 si
992 2006 1041 2041 non
1053 1992 1098 2051 sit,
1110 1989 1217 2039 nondum
1227 1995 1265 2038 est
1275 1989 1369 2038 beatus.

994 2085 1033 2130 77.
1051 2081 1148 2130 ilEllli.
1165 2078 1248 2128 Talem
1258 2076 1357 2139 quidem
1368 2074 1417 2124 ridi
1426 2075 1556 2124 neminem.

995 2165 1065 2213 Lt'c.
1083 2163 1158 2210 Recte
1168 2160 1248 2220 istud,
1261 2159 1423 2213 ilermotime,
1437 2157 1502 2220 quod
1513 2169 1561 2205 non
1573 2155 1683 2203 mentiris
1693 2167 1749 2219 pru·

963 2239 1024 2289 dens
1034 2253 1063 2288 ac
1074 2238 1167 2286 rolens.
1210 2239 1265 2295 Quo
1277 2236 1349 2298 igilur
1361 2234 1460 2284 consiliu
1469 2233 1659 2296 philosopharis,
1675 2244 1750 2294 quum

963 2321 1046 2372 rideas
1062 2333 1141 2382 neque
1157 2323 1227 2368 tuum
1239 2318 1394 2380 magistrum,
1408 2329 1488 2378 neque
1501 2314 1545 2378 qui
1562 2315 1626 2364 illins
1638 2314 1698 2372 luit,
1710 2326 1751 2362 ne·

964 2420 1012 2469 que
1027 2406 1138 2468 quiante
1153 2405 1240 2464 istum,
1260 2415 1338 2465 neque
1358 2401 1380 2451 si
1393 2401 1424 2450 ad
1442 2399 1559 2449 decimam
1576 2397 1751 2460 generationem

964 2487 1093 2546 ascendas,
1111 2498 1248 2549 quenquam
1262 2484 1357 2533 illorum
1372 2482 1442 2545 plane
1457 2481 1601 2544 sapientem,
1616 2483 1640 2529 et
1654 2484 1752 2542 propter

965 2573 1011 2621 boc
1022 2571 1120 2621 beatum
1127 2569 1216 2618 luisse?
1238 2571 1321 2630 Neque
1329 2564 1457 2616 enimillud
1465 2568 1529 2614 recte
1536 2564 1634 2622 dixeris,
1642 2563 1752 2613 sulficere

964 2653 1009 2704 tibi
1021 2652 1089 2702 sirei
1101 2664 1175 2715 prope
1184 2649 1322 2700 felicitatem
1331 2648 1414 2697 venias
1424 2665 1431 2708 ;
1441 2646 1500 2695 nibil
1510 2647 1600 2710 qnippe
1611 2645 1751 2708 proieceris:

965 2749 1021 2785 nam
1033 2747 1102 2798 nque
1112 2739 1180 2784 extra
1191 2733 1264 2782 limen
1275 2736 1347 2781 estet
1357 2730 1403 2779 sub
1414 2728 1486 2790 diro,
1498 2733 1548 2778 tam
1560 2728 1601 2790 qui
1613 2727 1645 2777 ad
1653 2729 1752 2790 januam

965 2826 1013 2870 stat
1023 2819 1095 2879 loris,
1107 2829 1181 2880 quam
1191 2816 1233 2878 qui
1244 2829 1259 2864 e
1269 2814 1411 2877 longinqu03
1423 2817 1448 2862 et
1464 2814 1490 2862 in
1501 2812 1547 2861 ίιοο
1568 2812 1668 2862 tortasse
1683 2811 1752 2862 dille·

965 2906 1032 2963 rant,
1046 2899 1114 2962 qnod
1128 2897 1169 2946 ille
1184 2897 1260 2957 magis
1270 2893 1457 2954 excruciabitur,
1472 2892 1514 2954 qni
1525 2907 1540 2941 c
1553 2893 1663 2954 proximo
1672 2892 1753 2943 rideat

965 2981 1055 3046 quibus
1066 2980 1111 3029 sibl
1123 2979 1193 3028 bonis
1208 2977 1240 3027 sit
1257 2975 1397 3026 carendum.
1431 2974 1536 3033 Deinde,
1553 2979 1581 3023 ut
1591 2987 1664 3036 prope
1679 2973 1752 3024 lellcl·

965 3073 1040 3120 tatem
1056 3065 1090 3116 als
1107 3063 1180 3125 (dabo
1195 3062 1240 3112 tibi
1260 3061 1325 3111 enim
1345 3060 1415 3122 boc),
1434 3064 1529 3109 lantum
1551 3059 1659 3118 laboras,
1679 3062 1754 3120 teque

966 3145 1083 3208 conteris,
1097 3150 1239 3206 tantumque
1247 3143 1292 3193 tibi
1303 3143 1361 3191 vitm
1370 3141 1474 3204 spatium
1484 3140 1592 3200 effluxit,
1601 3139 1660 3189 dnm
1668 3145 1694 3190 te
1705 3155 1754 3192 non

966 3229 1078 3291 respicis,
1091 3227 1149 3277 dum
1161 3227 1267 3286 laboras,
1278 3224 1337 3274 dum
1349 3224 1435 3284 uigiliae
1447 3228 1470 3272 te
1482 3221 1551 3270 humi
1561 3221 1715 3284 deprimunt?
1724 3237 1754 3274 ac

966 3310 1046 3362 denno
1061 3309 1194 3368 laborabis,
1211 3311 1239 3356 nt
1254 3306 1304 3367 ais,
1316 3305 1401 3366 viginti
1411 3304 1470 3352 alios
1482 3303 1609 3352 minimum
1620 3317 1714 3364 annos,
1725 3309 1754 3354 ut

966 3393 1146 3455 octuagenarins
1160 3403 1232 3440 senex
1247 3387 1283 3449 (si
1298 3387 1353 3450 quis
1364 3399 1465 3450 sponsor
1476 3385 1519 3434 tibi
1530 3388 1566 3434 est
1581 3390 1603 3436 te
1615 3391 1707 3436 tantum
1719 3387 1754 3436 ri·

967 3481 1064 3527 cturum
1074 3475 1082 3535 i
1094 3475 1176 3522 tannen
1191 3471 1225 3520 sis
1238 3470 1333 3518 illorum
1348 3480 1412 3516 unns
1426 3467 1468 3528 qui
1486 3465 1593 3514 nondum
1605 3467 1669 3516 beati
1680 3471 1754 3518 sunt?

967 3559 1015 3608 nisi
1031 3558 1092 3607 torte
1111 3555 1190 3603 solnm
1212 3557 1236 3600 te
1252 3556 1323 3612 putas
1343 3547 1402 3596 illud
1426 3551 1612 3596 consecuturum
1627 3551 1653 3595 et
1675 3560 1754 3608 perse-

967 3639 1063 3704 quendo
1078 3640 1217 3700 captorum,
1231 3631 1298 3696 quod
1312 3634 1368 3680 ante
1385 3633 1408 3679 te
1423 3628 1493 3678 multi
1509 3627 1640 3677 admodum
1658 3630 1684 3677 et
1697 3629 1754 3677 boni

968 3723 1014 3774 riri
1024 3727 1049 3772 et
1060 3720 1164 3772 multum
1175 3718 1316 3776 celeriores,
1328 3711 1495 3776 persequendo
1506 3725 1554 3760 non
1564 3710 1754 3774 comprehende·

968 3811 1042 3936 mlitti.
1061 3881 1109 3932 ssd
1119 3874 1389 3943 comprehendentium,
1401 3874 1423 3923 si
1435 3872 1468 3922 ita
1479 3872 1590 3932 videtur,
1601 3875 1626 3921 ct
1637 3870 1700 3923 habe
1710 3870 1755 3921 tibi

970 3972 1119 4022 uniuersum.
1136 3973 1200 4019 Tum
1209 3966 1288 4030 primo
1296 3963 1394 4026 qnidam
1406 3975 1454 4012 non
1463 3961 1535 4011 rideo
1544 3959 1603 4024 qnid
1615 3959 1713 4010 domurn
1723 3959 1755 4010 slt

969 4061 1029 4111 illud
1049 4059 1156 4118 bonum,
1177 4053 1243 4120 qnod
1266 4053 1338 4103 tantis
1356 4050 1479 4102 laboribus
1498 4049 1642 4112 aequiparari
1660 4048 1754 4113 possita

969 4147 1056 4200 deinde
1073 4150 1191 4211 quantum
1206 4147 1243 4193 est
1261 4140 1376 4204 temporis
1390 4139 1511 4201 reliquum
1528 4151 1578 4200 quo
1593 4136 1636 4186 illo
1652 4136 1755 4196 lrunris,

970 4249 1042 4288 senex
1057 4237 1107 4297 jam
1121 4237 1146 4282 et
1157 4229 1317 4282 maritalibus
1330 4227 1445 4276 omnibus
1458 4239 1506 4275 non
1517 4225 1622 4288 amplius
1633 4222 1755 4285 tempeati-

970 4338 1031 4384 rns,
1041 4328 1065 4373 et
1074 4321 1176 4372 altemm
1184 4319 1233 4380 Jam
1243 4317 1329 4381 pedem
1337 4352 1344 4377 ,
1353 4313 1418 4380 quod
1428 4315 1509 4372 είυιιί,
1518 4312 1609 4362 habens
1621 4311 1646 4359 in
1655 4311 1756 4372 capulo?

137 4454 160 4487 ω
171 4427 288 4506 γενναῖε,
300 4420 355 4500 βίον
366 4413 555 4498 προγυμνάζεις
566 4408 684 4480 σεαυτὸν,
694 4412 729 4474 ώς
741 4410 766 4473 ἐς
776 4409 872 4466 ἐκεῖνον
882 4409 925 4466 ἐλ-
970 4413 1017 4463 nisi
1027 4413 1087 4462 torte
1097 4409 1129 4459 ad
1143 4409 1229 4469 aliam,
1239 4417 1367 4468 generose,
1379 4407 1404 4454 te
1413 4403 1490 4452 vitam
1502 4413 1613 4460 exerces,
1625 4401 1653 4448 ut
1665 4399 1690 4446 in
1701 4409 1755 4448 eam

138 4512 192 4573 θὼν
203 4511 309 4588 ἄμεινον
321 4505 466 4584 διαγάγοις,
482 4500 554 4567 εἰδώς
567 4497 653 4558 ὅντινα
665 4495 760 4576 τρόπον
772 4493 825 4575 χρὴ
841 4499 924 4572 βιοῦν,
971 4501 1065 4551 delatus
1074 4499 1143 4548 ritas
1152 4495 1255 4554 mellus,
1265 4493 1307 4556 qui
1318 4488 1440 4554 quomodo
1449 4485 1619 4537 rirendnmsit
1627 4483 1755 4533 didiceris:

139 4601 230 4679 ὅμοιον
239 4601 274 4665 ώς
282 4595 349 4662 εἴτις
356 4596 380 4661 ἐς
387 4597 507 4652 τοσοῦτον
517 4585 637 4654 σκευάζοι
647 4609 675 4644 τε
682 4583 729 4644 καί
737 4582 882 4664 εὐτρεπίζοι
891 4584 925 4649 ὡς
971 4589 1036 4653 quod
1047 4589 1084 4637 est
1095 4583 1229 4649 ejusmodi,
1240 4595 1269 4631 ac
1280 4581 1301 4630 si
1312 4579 1368 4643 quis
1379 4581 1473 4627 tantum
1488 4577 1557 4638 paret
1572 4577 1644 4634 atque
1655 4571 1755 4621 adornet

140 4685 288 4757 δειπνήσων
300 4683 415 4758 ἄμεινον,
426 4679 489 4756 ἄχρι
498 4675 529 4736 δν
538 4674 605 4753 λάθῃ
616 4671 667 4732 ὑπὸ
678 4673 756 4748 λιμοῦ
769 4668 925 4751 διαφθαρείς.
971 4677 1002 4729 ad
1013 4674 1155 4726 cmnandum
1164 4671 1263 4730 melius,
1273 4668 1350 4718 donec
1358 4666 1421 4715 lame
1430 4662 1571 4726 imprudens
1578 4663 1669 4723 pereat.

181 4787 231 4837 79.
255 4770 336 4833 Ἀλλδι
347 4769 398 4847 μήν
410 4767 462 4826 οὐδ’
475 4761 557 4826 ἐκεῖνό
565 4786 608 4821 πω
617 4758 826 4837 κατανενόηκας,
836 4749 925 4836 οἶμαι,
1003 4813 1042 4860 79.
1067 4811 1159 4859 verum
1174 4815 1254 4866 mque
1270 4797 1390 4851 ffluddum
1412 4791 1619 4852 animadvertis&
1638 4792 1710 4852 ρης),
1728 4787 1754 4838 η,

140 4866 204 4932 ώςή
218 4861 266 4940 μὲν
277 4857 357 4940 άρετί,
367 4859 393 4914 ἐν
404 4854 487 4935 ίργοις
496 4851 579 4922 δήπου
590 4848 669 4920 ἐστὶν,
680 4838 733 4908 οῖον
745 4849 772 4905 ἐν
785 4849 823 4926 τῷ
837 4843 926 4904 δίκαια

141 4949 267 5033 πρέπειν
277 4945 324 5005 καί
335 4941 404 5024 σοφά
412 4939 459 5001 καί
470 4939 589 5018 άνδρεῖα,
603 4939 675 5014 ὑμεῖς
688 4931 715 4993 δέ
724 4967 764 4978 -
776 4931 806 4991 τθ
817 4929 844 4990 δέ
854 4933 927 5010 ὑμεῖς

142 5039 204 5096 ὅταν
221 5034 305 5112 εἴπω,
325 5031 384 5098 τοὺς
398 5027 492 5110 ἄκρους
508 5029 560 5085 τῶν
579 5019 785 5106 φιλοσοφούντων
805 5018 927 5101 φημί-

143 5123 248 5208 ἀφέντες
259 5127 344 5180 ταῦτα
352 5123 436 5190 ζητεῖν
447 5114 492 5174 καί
501 5113 583 5172 ποιεῖν
593 5108 711 5192 ῥημάτια
723 5107 836 5179 δύστηνα
849 5108 924 5183 μελε-

142 5221 205 5274 τᾶτε
216 5209 262 5270 καί
274 5202 464 5285 συλλογισμοὺς
472 5200 518 5260 καὶ
531 5197 641 5279 ἀπορίας
649 5197 694 5257 καί
705 5195 736 5254 τδ
746 5194 868 5253 πλεῖστον
881 5195 926 5252 τοῦ

969 4905 1084 4970 operibns
1096 4901 1190 4952 scilicet
1198 4900 1277 4948 inesse
1290 4895 1419 4953 virtutem,
1429 4895 1457 4942 ut
1467 4891 1492 4939 in
1508 4885 1616 4938 iaciendo
1628 4885 1703 4948 inste,
1718 4895 1755 4934 sa·

971 5003 1072 5067 pientes,
1087 4997 1180 5049 lortiter
1190 5010 1196 5044 :
1207 4999 1233 5044 at
1242 5005 1287 5044 rus
1300 4991 1355 5056 (roa
1363 5001 1439 5052 quum
1449 4985 1520 5048 (ίίοο,
1530 4996 1639 5035 summm
1650 4980 1755 5045 pbiloso-

971 5100 1074 5164 phorum
1085 5096 1148 5158 dico)
1159 5095 1282 5144 mittentes
1297 5091 1344 5139 ista
1355 5098 1463 5150 quarere
1478 5087 1504 5134 et
1517 5083 1609 5142 lacem,
1620 5081 1646 5130 in
1662 5077 1754 5128 voculis

947 5123 952 5228 ί
972 5196 1066 5248 miseria
1074 5190 1218 5246 exercemini
1227 5184 1402 5251 etsyttogismis
1410 5186 1436 5232 et
1441 5178 1561 5246 perplexis
1569 5173 1754 5241 questionibtrt,
