<?xml version="1.0" encoding="UTF-8"?>
<!DOCTYPE html PUBLIC "-//W3C//DTD XHTML 1.0 Transitional//EN"
    "http://www.w3.org/TR/xhtml1/DTD/xhtml1-transitional.dtd">
<html xmlns="http://www.w3.org/1999/xhtml" xml:lang="en" lang="en">
 <head>
  <title>
</title>
<meta http-equiv="Content-Type" content="text/html;charset=utf-8" />
  <meta name='ocr-system' content='tesseract 3.04.00' />
  <meta name='ocr-capabilities' content='ocr_page ocr_carea ocr_par ocr_line ocrx_word'/>
</head>
<body>
  <div class='ocr_page' id='page_1' title='image "./opera01lucigoog/opera01lucigoog_0009.png"; bbox 0 0 3825 5909; ppageno 0'>
   <div class='ocr_carea' id='block_1_1' title="bbox 658 730 1175 869">
    <p class='ocr_par' dir='ltr' id='par_1_1' title="bbox 658 730 1175 869">
     <span class='ocr_line' id='line_1_1' title="bbox 658 730 1175 869; baseline -0.004 -2"><span class='ocrx_word' id='word_1_1' title='bbox 658 730 1175 869; x_wconf 85' lang='lat' dir='ltr'><strong>PRAEFATIO.</strong></span> 
     </span>
    </p>
   </div>
   <div class='ocr_carea' id='block_1_2' title="bbox 827 1104 991 1128">
    <p class='ocr_par' dir='ltr' id='par_1_2' title="bbox 827 1104 991 1128">
     <span class='ocr_line' id='line_1_2' title="bbox 827 1104 991 1128; baseline -0.006 -3"><span class='ocrx_word' id='word_1_2' title='bbox 827 1104 991 1128; x_wconf 49' lang='lat' dir='ltr'>*CM*-</span> 
     </span>
    </p>
   </div>
   <div class='ocr_carea' id='block_1_3' title="bbox 252 1436 1586 1901">
    <p class='ocr_par' dir='ltr' id='par_1_3' title="bbox 252 1436 1586 1901">
     <span class='ocr_line' id='line_1_3' title="bbox 300 1436 1585 1535; baseline -0.002 -22"><span class='ocrx_word' id='word_1_3' title='bbox 300 1440 488 1513; x_wconf 78' lang='lat' dir='ltr'><strong>Tradimus</strong></span> <span class='ocrx_word' id='word_1_4' title='bbox 507 1438 588 1511; x_wconf 84' lang='lat' dir='ltr'>Tibi</span> <span class='ocrx_word' id='word_1_5' title='bbox 616 1438 766 1510; x_wconf 89' lang='lat' dir='ltr'>Luciani</span> <span class='ocrx_word' id='word_1_6' title='bbox 785 1436 935 1535; x_wconf 88' lang='lat' dir='ltr'>scripta,</span> <span class='ocrx_word' id='word_1_7' title='bbox 958 1437 1051 1509; x_wconf 91' lang='lat' dir='ltr'>sicut</span> <span class='ocrx_word' id='word_1_8' title='bbox 1079 1462 1195 1535; x_wconf 81' lang='lat' dir='ltr'>nuper</span> <span class='ocrx_word' id='word_1_9' title='bbox 1216 1438 1431 1533; x_wconf 77' lang='lat' dir='ltr'>Polybiana,</span> <span class='ocrx_word' id='word_1_10' title='bbox 1451 1436 1585 1511; x_wconf 84' lang='lat' dir='ltr'>talibus</span> 
     </span>
     <span class='ocr_line' id='line_1_4' title="bbox 254 1560 1585 1666; baseline -0.002 -31"><span class='ocrx_word' id='word_1_11' title='bbox 254 1562 378 1635; x_wconf 78' lang='lat' dir='ltr'>formis</span> <span class='ocrx_word' id='word_1_12' title='bbox 396 1586 579 1659; x_wconf 88' lang='lat' dir='ltr'>expressa,</span> <span class='ocrx_word' id='word_1_13' title='bbox 603 1575 642 1631; x_wconf 89' lang='lat' dir='ltr'>ut</span> <span class='ocrx_word' id='word_1_14' title='bbox 669 1586 745 1632; x_wconf 94' lang='lat' dir='ltr'>uno</span> <span class='ocrx_word' id='word_1_15' title='bbox 772 1560 958 1631; x_wconf 88' lang='lat' dir='ltr'>volumine</span> <span class='ocrx_word' id='word_1_16' title='bbox 986 1582 1215 1655; x_wconf 84' lang='lat' dir='ltr'>nequaquam</span> <span class='ocrx_word' id='word_1_17' title='bbox 1245 1560 1398 1631; x_wconf 80' lang='lat' dir='ltr'>inhabili</span> <span class='ocrx_word' id='word_1_18' title='bbox 1420 1586 1585 1666; x_wconf 89' lang='lat' dir='ltr'>compre·</span> 
     </span>
     <span class='ocr_line' id='line_1_5' title="bbox 252 1680 1585 1783; baseline -0.002 -25"><span class='ocrx_word' id='word_1_19' title='bbox 252 1684 365 1758; x_wconf 83' lang='lat' dir='ltr'><strong>hensa</strong></span> <span class='ocrx_word' id='word_1_20' title='bbox 377 1700 528 1756; x_wconf 89' lang='lat' dir='ltr'>tractare</span> <span class='ocrx_word' id='word_1_21' title='bbox 545 1686 672 1781; x_wconf 91' lang='lat' dir='ltr'>possis.</span> <span class='ocrx_word' id='word_1_22' title='bbox 693 1682 804 1771; x_wconf 89' lang='lat' dir='ltr'>Quod</span> <span class='ocrx_word' id='word_1_23' title='bbox 822 1706 936 1779; x_wconf 89' lang='lat' dir='ltr'>quum</span> <span class='ocrx_word' id='word_1_24' title='bbox 955 1706 1020 1779; x_wconf 89' lang='lat' dir='ltr'>per</span> <span class='ocrx_word' id='word_1_25' title='bbox 1043 1706 1081 1753; x_wconf 90' lang='lat' dir='ltr'>se</span> <span class='ocrx_word' id='word_1_26' title='bbox 1101 1680 1284 1753; x_wconf 87' lang='lat' dir='ltr'>videretur</span> <span class='ocrx_word' id='word_1_27' title='bbox 1301 1682 1423 1754; x_wconf 91' lang='lat' dir='ltr'>multis</span> <span class='ocrx_word' id='word_1_28' title='bbox 1439 1701 1585 1783; x_wconf 87' lang='lat' dir='ltr'>exopta·</span> 
     </span>
     <span class='ocr_line' id='line_1_6' title="bbox 254 1801 1586 1901; baseline 0.002 -24"><span class='ocrx_word' id='word_1_29' title='bbox 254 1823 330 1877; x_wconf 84' lang='lat' dir='ltr'>tunr</span> <span class='ocrx_word' id='word_1_30' title='bbox 367 1804 554 1893; x_wconf 83' lang='lat' dir='ltr'>accidere,</span> <span class='ocrx_word' id='word_1_31' title='bbox 584 1820 665 1876; x_wconf 88' lang='lat' dir='ltr'>tum</span> <span class='ocrx_word' id='word_1_32' title='bbox 702 1804 739 1874; x_wconf 88' lang='lat' dir='ltr'>in</span> <span class='ocrx_word' id='word_1_33' title='bbox 781 1801 948 1875; x_wconf 91' lang='lat' dir='ltr'>ornando</span> <span class='ocrx_word' id='word_1_34' title='bbox 983 1818 1019 1874; x_wconf 90' lang='lat' dir='ltr'>et</span> <span class='ocrx_word' id='word_1_35' title='bbox 1049 1803 1266 1901; x_wconf 91' lang='lat' dir='ltr'>expoliendo</span> <span class='ocrx_word' id='word_1_36' title='bbox 1300 1804 1486 1877; x_wconf 84' lang='lat' dir='ltr'>volumine</span> <span class='ocrx_word' id='word_1_37' title='bbox 1519 1833 1586 1879; x_wconf 89' lang='lat' dir='ltr'>nec</span> 
     </span>
    </p>
   </div>
   <div class='ocr_carea' id='block_1_4' title="bbox 254 1921 1716 2025">
    <p class='ocr_par' dir='ltr' id='par_1_4' title="bbox 254 1921 1716 2025">
     <span class='ocr_line' id='line_1_7' title="bbox 254 1921 1716 2025; baseline -0.001 -27"><span class='ocrx_word' id='word_1_38' title='bbox 254 1927 426 2025; x_wconf 87' lang='lat' dir='ltr'>impensae</span> <span class='ocrx_word' id='word_1_39' title='bbox 445 1950 512 1996; x_wconf 91' lang='lat' dir='ltr'>nec</span> <span class='ocrx_word' id='word_1_40' title='bbox 529 1922 645 1997; x_wconf 89' lang='lat' dir='ltr'>labori</span> <span class='ocrx_word' id='word_1_41' title='bbox 662 1924 851 2023; x_wconf 87' lang='lat' dir='ltr'>parsimus.</span> <span class='ocrx_word' id='word_1_42' title='bbox 866 1926 955 1993; x_wconf 89' lang='lat' dir='ltr'>Nam</span> <span class='ocrx_word' id='word_1_43' title='bbox 971 1924 1006 1993; x_wconf 92' lang='lat' dir='ltr'>in</span> <span class='ocrx_word' id='word_1_44' title='bbox 1022 1946 1062 1993; x_wconf 91' lang='lat' dir='ltr'>ea</span> <span class='ocrx_word' id='word_1_45' title='bbox 1078 1921 1260 2012; x_wconf 80' lang='lat' dir='ltr'>editione,</span> <span class='ocrx_word' id='word_1_46' title='bbox 1289 1950 1361 2021; x_wconf 90' lang='lat' dir='ltr'>qua</span> <span class='ocrx_word' id='word_1_47' title='bbox 1375 1926 1587 1998; x_wconf 72' lang='lat' dir='ltr'>lucebimus</span> <span class='ocrx_word' id='word_1_48' title='bbox 1702 1924 1716 1942; x_wconf 61' lang='lat'>⁸</span> 
     </span>
    </p>
   </div>
   <div class='ocr_carea' id='block_1_5' title="bbox 254 2045 1662 4949">
    <p class='ocr_par' dir='ltr' id='par_1_5' title="bbox 254 2045 1662 4089">
     <span class='ocr_line' id='line_1_8' title="bbox 254 2045 1586 2146; baseline -0.002 -24"><span class='ocrx_word' id='word_1_49' title='bbox 254 2049 449 2146; x_wconf 84' lang='lat' dir='ltr'>Lipsiensis</span> <span class='ocrx_word' id='word_1_50' title='bbox 464 2048 634 2145; x_wconf 87' lang='lat' dir='ltr'>praeclaro</span> <span class='ocrx_word' id='word_1_51' title='bbox 647 2048 816 2118; x_wconf 88' lang='lat' dir='ltr'>instituto</span> <span class='ocrx_word' id='word_1_52' title='bbox 825 2061 943 2117; x_wconf 89' lang='lat' dir='ltr'>toturn</span> <span class='ocrx_word' id='word_1_53' title='bbox 952 2047 1151 2117; x_wconf 90' lang='lat' dir='ltr'>Lucianum</span> <span class='ocrx_word' id='word_1_54' title='bbox 1160 2045 1254 2143; x_wconf 88' lang='lat' dir='ltr'>prim</span> <span class='ocrx_word' id='word_1_55' title='bbox 1260 2072 1300 2117; x_wconf 90' lang='lat' dir='ltr'>us</span> <span class='ocrx_word' id='word_1_56' title='bbox 1310 2047 1355 2118; x_wconf 91' lang='lat' dir='ltr'>ad</span> <span class='ocrx_word' id='word_1_57' title='bbox 1365 2050 1586 2144; x_wconf 88' lang='lat' dir='ltr'>optimorum</span> 
     </span>
     <span class='ocr_line' id='line_1_9' title="bbox 254 2166 1588 2265; baseline 0 -24"><span class='ocrx_word' id='word_1_58' title='bbox 254 2170 423 2241; x_wconf 88' lang='lat' dir='ltr'>codicum</span> <span class='ocrx_word' id='word_1_59' title='bbox 441 2168 751 2265; x_wconf 87' lang='lat' dir='ltr'>praescriptionem</span> <span class='ocrx_word' id='word_1_60' title='bbox 767 2167 961 2254; x_wconf 75' lang='lat' dir='ltr'>revocavit,</span> <span class='ocrx_word' id='word_1_61' title='bbox 979 2166 1092 2236; x_wconf 88' lang='lat' dir='ltr'>multa</span> <span class='ocrx_word' id='word_1_62' title='bbox 1112 2167 1282 2259; x_wconf 88' lang='lat' dir='ltr'>leguntur</span> <span class='ocrx_word' id='word_1_63' title='bbox 1296 2193 1406 2263; x_wconf 84' lang='lat' dir='ltr'>quaea</span> <span class='ocrx_word' id='word_1_64' title='bbox 1432 2169 1491 2240; x_wconf 86' lang='lat' dir='ltr'>tali</span> <span class='ocrx_word' id='word_1_65' title='bbox 1507 2172 1588 2241; x_wconf 89' lang='lat' dir='ltr'>scri·</span> 
     </span>
     <span class='ocr_line' id='line_1_10' title="bbox 255 2286 1587 2387; baseline -0.002 -26"><span class='ocrx_word' id='word_1_66' title='bbox 255 2305 376 2387; x_wconf 88' lang='lat' dir='ltr'>ptore,</span> <span class='ocrx_word' id='word_1_67' title='bbox 392 2304 501 2385; x_wconf 86' lang='lat' dir='ltr'>atque</span> <span class='ocrx_word' id='word_1_68' title='bbox 519 2288 610 2359; x_wconf 90' lang='lat' dir='ltr'>adeo</span> <span class='ocrx_word' id='word_1_69' title='bbox 630 2286 688 2359; x_wconf 93' lang='lat' dir='ltr'>illa</span> <span class='ocrx_word' id='word_1_70' title='bbox 709 2302 811 2359; x_wconf 83' lang='lat' dir='ltr'>aetate</span> <span class='ocrx_word' id='word_1_71' title='bbox 830 2286 882 2357; x_wconf 91' lang='lat' dir='ltr'>sic</span> <span class='ocrx_word' id='word_1_72' title='bbox 901 2286 1012 2357; x_wconf 80' lang='lat' dir='ltr'>scribi</span> <span class='ocrx_word' id='word_1_73' title='bbox 1042 2311 1117 2356; x_wconf 91' lang='lat' dir='ltr'>non</span> <span class='ocrx_word' id='word_1_74' title='bbox 1138 2302 1317 2383; x_wconf 80' lang='lat' dir='ltr'>poterant.</span> <span class='ocrx_word' id='word_1_75' title='bbox 1334 2292 1455 2374; x_wconf 85' lang='lat' dir='ltr'>Quare</span> <span class='ocrx_word' id='word_1_76' title='bbox 1473 2290 1587 2361; x_wconf 86' lang='lat' dir='ltr'>literis</span> 
     </span>
     <span class='ocr_line' id='line_1_11' title="bbox 254 2407 1588 2509; baseline 0.001 -28"><span class='ocrx_word' id='word_1_77' title='bbox 254 2410 513 2509; x_wconf 83' lang='lat' dir='ltr'>appellavimus</span> <span class='ocrx_word' id='word_1_78' title='bbox 525 2408 753 2481; x_wconf 81' lang='lat' dir='ltr'>Guilielmum</span> <span class='ocrx_word' id='word_1_79' title='bbox 763 2407 995 2499; x_wconf 71' lang='lat' dir='ltr'>Dindofium‚</span> <span class='ocrx_word' id='word_1_80' title='bbox 1005 2410 1124 2480; x_wconf 85' lang='lat' dir='ltr'>virum</span> <span class='ocrx_word' id='word_1_81' title='bbox 1141 2408 1430 2497; x_wconf 88' lang='lat' dir='ltr'>celeberrimum,</span> <span class='ocrx_word' id='word_1_82' title='bbox 1443 2425 1494 2499; x_wconf 92' lang='lat' dir='ltr'>ut,</span> <span class='ocrx_word' id='word_1_83' title='bbox 1508 2434 1588 2507; x_wconf 90' lang='lat' dir='ltr'>quae</span> 
     </span>
     <span class='ocr_line' id='line_1_12' title="bbox 254 2527 1588 2626; baseline 0.001 -25"><span class='ocrx_word' id='word_1_84' title='bbox 254 2556 339 2601; x_wconf 91' lang='lat' dir='ltr'>eum</span> <span class='ocrx_word' id='word_1_85' title='bbox 352 2530 535 2601; x_wconf 78' lang='lat' dir='ltr'>solbamus</span> <span class='ocrx_word' id='word_1_86' title='bbox 556 2544 677 2626; x_wconf 82' lang='lat' dir='ltr'>parata</span> <span class='ocrx_word' id='word_1_87' title='bbox 690 2528 824 2600; x_wconf 90' lang='lat' dir='ltr'>babere</span> <span class='ocrx_word' id='word_1_88' title='bbox 840 2527 885 2599; x_wconf 93' lang='lat' dir='ltr'>ad</span> <span class='ocrx_word' id='word_1_89' title='bbox 899 2528 1169 2600; x_wconf 89' lang='lat' dir='ltr'>emendandum</span> <span class='ocrx_word' id='word_1_90' title='bbox 1181 2530 1393 2618; x_wconf 89' lang='lat' dir='ltr'>Lucianum,</span> <span class='ocrx_word' id='word_1_91' title='bbox 1412 2554 1452 2600; x_wconf 88' lang='lat' dir='ltr'>ea</span> <span class='ocrx_word' id='word_1_92' title='bbox 1465 2530 1588 2603; x_wconf 92' lang='lat' dir='ltr'>nobis·</span> 
     </span>
     <span class='ocr_line' id='line_1_13' title="bbox 255 2649 1589 2748; baseline 0.001 -25"><span class='ocrx_word' id='word_1_93' title='bbox 255 2677 338 2723; x_wconf 77' lang='lat' dir='ltr'>cunr</span> <span class='ocrx_word' id='word_1_94' title='bbox 350 2676 418 2748; x_wconf 87' lang='lat' dir='ltr'>pro</span> <span class='ocrx_word' id='word_1_95' title='bbox 431 2675 496 2721; x_wconf 87' lang='lat' dir='ltr'>sna</span> <span class='ocrx_word' id='word_1_96' title='bbox 509 2651 546 2720; x_wconf 93' lang='lat' dir='ltr'>in</span> <span class='ocrx_word' id='word_1_97' title='bbox 561 2674 629 2721; x_wconf 88' lang='lat' dir='ltr'>nos</span> <span class='ocrx_word' id='word_1_98' title='bbox 640 2649 894 2720; x_wconf 83' lang='lat' dir='ltr'>benevolentia</span> <span class='ocrx_word' id='word_1_99' title='bbox 912 2650 1208 2721; x_wconf 73' lang='lat' dir='ltr'>communicaret</span> <span class='ocrx_word' id='word_1_100' title='bbox 1227 2650 1323 2721; x_wconf 85' lang='lat' dir='ltr'>Misit</span> <span class='ocrx_word' id='word_1_101' title='bbox 1335 2666 1458 2721; x_wconf 87' lang='lat' dir='ltr'>autem</span> <span class='ocrx_word' id='word_1_102' title='bbox 1478 2677 1589 2724; x_wconf 88' lang='lat' dir='ltr'>exem·</span> 
     </span>
     <span class='ocr_line' id='line_1_14' title="bbox 256 2770 1589 2871; baseline 0 -27"><span class='ocrx_word' id='word_1_103' title='bbox 256 2774 357 2871; x_wconf 86' lang='lat' dir='ltr'>plum</span> <span class='ocrx_word' id='word_1_104' title='bbox 364 2772 539 2844; x_wconf 90' lang='lat' dir='ltr'>editionis</span> <span class='ocrx_word' id='word_1_105' title='bbox 548 2770 811 2861; x_wconf 81' lang='lat' dir='ltr'>lacobitzianae,</span> <span class='ocrx_word' id='word_1_106' title='bbox 828 2773 932 2869; x_wconf 85' lang='lat' dir='ltr'>cujus</span> <span class='ocrx_word' id='word_1_107' title='bbox 946 2772 1004 2842; x_wconf 86' lang='lat' dir='ltr'>vix</span> <span class='ocrx_word' id='word_1_108' title='bbox 1016 2796 1089 2842; x_wconf 87' lang='lat' dir='ltr'>una</span> <span class='ocrx_word' id='word_1_109' title='bbox 1099 2770 1251 2842; x_wconf 77' lang='lat' dir='ltr'>alterave</span> <span class='ocrx_word' id='word_1_110' title='bbox 1262 2772 1391 2868; x_wconf 89' lang='lat' dir='ltr'>pagiua</span> <span class='ocrx_word' id='word_1_111' title='bbox 1404 2798 1479 2844; x_wconf 92' lang='lat' dir='ltr'>non</span> <span class='ocrx_word' id='word_1_112' title='bbox 1497 2791 1589 2845; x_wconf 89' lang='lat' dir='ltr'>esset</span> 
     </span>
     <span class='ocr_line' id='line_1_15' title="bbox 256 2894 1588 2995; baseline 0 -28"><span class='ocrx_word' id='word_1_113' title='bbox 256 2921 365 2971; x_wconf 89' lang='lat' dir='ltr'>manu</span> <span class='ocrx_word' id='word_1_114' title='bbox 380 2898 496 2995; x_wconf 86' lang='lat' dir='ltr'>ipsius</span> <span class='ocrx_word' id='word_1_115' title='bbox 514 2910 647 2967; x_wconf 83' lang='lat' dir='ltr'>notata.</span> <span class='ocrx_word' id='word_1_116' title='bbox 670 2900 792 2993; x_wconf 81' lang='lat' dir='ltr'>Neque</span> <span class='ocrx_word' id='word_1_117' title='bbox 812 2920 854 2967; x_wconf 90' lang='lat' dir='ltr'>ex</span> <span class='ocrx_word' id='word_1_118' title='bbox 873 2894 1063 2966; x_wconf 87' lang='lat' dir='ltr'>codicibus</span> <span class='ocrx_word' id='word_1_119' title='bbox 1083 2894 1194 2966; x_wconf 89' lang='lat' dir='ltr'>modo</span> <span class='ocrx_word' id='word_1_120' title='bbox 1209 2910 1244 2966; x_wconf 89' lang='lat' dir='ltr'>et</span> <span class='ocrx_word' id='word_1_121' title='bbox 1257 2896 1474 2988; x_wconf 84' lang='lat' dir='ltr'>conjecturis</span> <span class='ocrx_word' id='word_1_122' title='bbox 1491 2897 1588 2968; x_wconf 86' lang='lat' dir='ltr'>criti·</span> 
     </span>
     <span class='ocr_line' id='line_1_16' title="bbox 256 3018 1588 3117; baseline 0 -26"><span class='ocrx_word' id='word_1_123' title='bbox 256 3044 383 3091; x_wconf 85' lang='lat' dir='ltr'>eorum</span> <span class='ocrx_word' id='word_1_124' title='bbox 404 3020 579 3117; x_wconf 81' lang='lat' dir='ltr'>protraxit</span> <span class='ocrx_word' id='word_1_125' title='bbox 599 3044 680 3115; x_wconf 82' lang='lat' dir='ltr'>quae</span> <span class='ocrx_word' id='word_1_126' title='bbox 700 3020 769 3116; x_wconf 91' lang='lat' dir='ltr'>ipsi</span> <span class='ocrx_word' id='word_1_127' title='bbox 788 3018 978 3089; x_wconf 88' lang='lat' dir='ltr'>videbatur</span> <span class='ocrx_word' id='word_1_128' title='bbox 993 3020 1173 3089; x_wconf 78' lang='lat' dir='ltr'>Lucienus</span> <span class='ocrx_word' id='word_1_129' title='bbox 1191 3019 1375 3116; x_wconf 87' lang='lat' dir='ltr'>scripsisse</span> <span class='ocrx_word' id='word_1_130' title='bbox 1395 3072 1405 3107; x_wconf 95' lang='lat'>,</span> <span class='ocrx_word' id='word_1_131' title='bbox 1434 3018 1498 3090; x_wconf 89' lang='lat' dir='ltr'>sed</span> <span class='ocrx_word' id='word_1_132' title='bbox 1514 3021 1588 3091; x_wconf 92' lang='lat' dir='ltr'>suis</span> 
     </span>
     <span class='ocr_line' id='line_1_17' title="bbox 256 3136 1588 3243; baseline 0 -29"><span class='ocrx_word' id='word_1_133' title='bbox 256 3136 574 3216; x_wconf 83' lang='lat' dir='ltr'>emendationibus</span> <span class='ocrx_word' id='word_1_134' title='bbox 598 3142 643 3213; x_wconf 90' lang='lat' dir='ltr'>ad</span> <span class='ocrx_word' id='word_1_135' title='bbox 667 3158 814 3215; x_wconf 89' lang='lat' dir='ltr'>centurn</span> <span class='ocrx_word' id='word_1_136' title='bbox 837 3144 1018 3243; x_wconf 80' lang='lat' dir='ltr'>sexaginta</span> <span class='ocrx_word' id='word_1_137' title='bbox 1040 3142 1141 3214; x_wconf 89' lang='lat' dir='ltr'>locos</span> <span class='ocrx_word' id='word_1_138' title='bbox 1159 3143 1253 3213; x_wconf 88' lang='lat' dir='ltr'>male</span> <span class='ocrx_word' id='word_1_139' title='bbox 1271 3142 1419 3213; x_wconf 84' lang='lat' dir='ltr'>allectos</span> <span class='ocrx_word' id='word_1_140' title='bbox 1439 3146 1588 3215; x_wconf 87' lang='lat' dir='ltr'>sanavit.</span> 
     </span>
     <span class='ocr_line' id='line_1_18' title="bbox 254 3264 1590 3367; baseline 0.001 -31"><span class='ocrx_word' id='word_1_141' title='bbox 254 3270 297 3336; x_wconf 86' lang='lat' dir='ltr'>ln</span> <span class='ocrx_word' id='word_1_142' title='bbox 317 3266 633 3365; x_wconf 79' lang='lat' dir='ltr'>ngudopodagru</span> <span class='ocrx_word' id='word_1_143' title='bbox 652 3281 688 3335; x_wconf 86' lang='lat' dir='ltr'>et</span> <span class='ocrx_word' id='word_1_144' title='bbox 704 3264 869 3361; x_wconf 76' lang='lat' dir='ltr'>Ocypode</span> <span class='ocrx_word' id='word_1_145' title='bbox 887 3264 1045 3335; x_wconf 90' lang='lat' dir='ltr'>multum</span> <span class='ocrx_word' id='word_1_146' title='bbox 1066 3264 1205 3367; x_wconf 86' lang='lat' dir='ltr'>proluit</span> <span class='ocrx_word' id='word_1_147' title='bbox 1223 3265 1318 3335; x_wconf 86' lang='lat' dir='ltr'>varia</span> <span class='ocrx_word' id='word_1_148' title='bbox 1338 3266 1515 3363; x_wconf 89' lang='lat' dir='ltr'>scriptura</span> <span class='ocrx_word' id='word_1_149' title='bbox 1530 3290 1590 3338; x_wconf 87' lang='lat' dir='ltr'>co·</span> 
     </span>
     <span class='ocr_line' id='line_1_19' title="bbox 256 3388 1590 3487; baseline -0.001 -25"><span class='ocrx_word' id='word_1_150' title='bbox 256 3391 381 3462; x_wconf 89' lang='lat' dir='ltr'>dicum</span> <span class='ocrx_word' id='word_1_151' title='bbox 399 3392 528 3479; x_wconf 85' lang='lat' dir='ltr'>trium,</span> <span class='ocrx_word' id='word_1_152' title='bbox 550 3390 586 3459; x_wconf 94' lang='lat' dir='ltr'>in</span> <span class='ocrx_word' id='word_1_153' title='bbox 604 3390 720 3485; x_wconf 90' lang='lat' dir='ltr'>ipsius</span> <span class='ocrx_word' id='word_1_154' title='bbox 746 3413 832 3459; x_wconf 90' lang='lat' dir='ltr'>usus</span> <span class='ocrx_word' id='word_1_155' title='bbox 850 3388 1085 3478; x_wconf 82' lang='lat' dir='ltr'>collatorum3</span> <span class='ocrx_word' id='word_1_156' title='bbox 1098 3388 1135 3459; x_wconf 94' lang='lat' dir='ltr'>in</span> <span class='ocrx_word' id='word_1_157' title='bbox 1156 3392 1435 3487; x_wconf 58' lang='lat' dir='ltr'>Epigrammata</span> <span class='ocrx_word' id='word_1_158' title='bbox 1453 3390 1590 3461; x_wconf 76' lang='lat' dir='ltr'>Antho-</span> 
     </span>
     <span class='ocr_line' id='line_1_20' title="bbox 257 3509 1589 3610; baseline -0.003 -24"><span class='ocrx_word' id='word_1_159' title='bbox 257 3514 350 3609; x_wconf 87' lang='lat' dir='ltr'>logia</span> <span class='ocrx_word' id='word_1_160' title='bbox 370 3512 547 3601; x_wconf 81' lang='lat' dir='ltr'>Palatina,</span> <span class='ocrx_word' id='word_1_161' title='bbox 569 3510 672 3610; x_wconf 89' lang='lat' dir='ltr'>cujus</span> <span class='ocrx_word' id='word_1_162' title='bbox 704 3509 841 3581; x_wconf 93' lang='lat' dir='ltr'>indicio</span> <span class='ocrx_word' id='word_1_163' title='bbox 868 3511 1125 3607; x_wconf 89' lang='lat' dir='ltr'>epigrammata</span> <span class='ocrx_word' id='word_1_164' title='bbox 1151 3510 1340 3607; x_wconf 76' lang='lat' dir='ltr'>quadam,</span> <span class='ocrx_word' id='word_1_165' title='bbox 1369 3525 1409 3581; x_wconf 91' lang='lat' dir='ltr'>ut</span> <span class='ocrx_word' id='word_1_166' title='bbox 1434 3510 1589 3582; x_wconf 91' lang='lat' dir='ltr'>aliorum</span> 
     </span>
     <span class='ocr_line' id='line_1_21' title="bbox 258 3625 1589 3732; baseline -0.001 -27"><span class='ocrx_word' id='word_1_167' title='bbox 258 3650 472 3732; x_wconf 88' lang='lat' dir='ltr'>poetarum,</span> <span class='ocrx_word' id='word_1_168' title='bbox 497 3634 631 3731; x_wconf 86' lang='lat' dir='ltr'>ejecta,</span> <span class='ocrx_word' id='word_1_169' title='bbox 666 3658 760 3705; x_wconf 88' lang='lat' dir='ltr'>nova</span> <span class='ocrx_word' id='word_1_170' title='bbox 792 3633 957 3729; x_wconf 90' lang='lat' dir='ltr'>quinque</span> <span class='ocrx_word' id='word_1_171' title='bbox 985 3625 1107 3703; x_wconf 83' lang='lat' dir='ltr'>addita</span> <span class='ocrx_word' id='word_1_172' title='bbox 1142 3647 1239 3704; x_wconf 87' lang='lat' dir='ltr'>sunt.</span> <span class='ocrx_word' id='word_1_173' title='bbox 1276 3636 1443 3704; x_wconf 90' lang='lat' dir='ltr'>Ceterum</span> <span class='ocrx_word' id='word_1_174' title='bbox 1471 3658 1589 3704; x_wconf 89' lang='lat' dir='ltr'>exem·</span> 
     </span>
     <span class='ocr_line' id='line_1_22' title="bbox 260 3750 1662 3851; baseline -0.002 -26"><span class='ocrx_word' id='word_1_175' title='bbox 260 3755 342 3851; x_wconf 85' lang='lat' dir='ltr'>plu,</span> <span class='ocrx_word' id='word_1_176' title='bbox 360 3752 464 3849; x_wconf 90' lang='lat' dir='ltr'>quod</span> <span class='ocrx_word' id='word_1_177' title='bbox 480 3753 627 3823; x_wconf 87' lang='lat' dir='ltr'>criticus</span> <span class='ocrx_word' id='word_1_178' title='bbox 646 3750 902 3821; x_wconf 85' lang='lat' dir='ltr'>celeberrimus</span> <span class='ocrx_word' id='word_1_179' title='bbox 921 3751 1180 3838; x_wconf 88' lang='lat' dir='ltr'>transmiserat,</span> <span class='ocrx_word' id='word_1_180' title='bbox 1201 3752 1251 3821; x_wconf 88' lang='lat' dir='ltr'>ita</span> <span class='ocrx_word' id='word_1_181' title='bbox 1264 3775 1332 3821; x_wconf 92' lang='lat' dir='ltr'>nos</span> <span class='ocrx_word' id='word_1_182' title='bbox 1345 3752 1590 3839; x_wconf 84' lang='lat' dir='ltr'>astrinximus,</span> <span class='ocrx_word' id='word_1_183' title='bbox 1653 3756 1662 3770; x_wconf 84' lang='lat'><strong><em>‘</em></strong></span> 
     </span>
     <span class='ocr_line' id='line_1_23' title="bbox 261 3872 1593 3971; baseline -0.002 -25"><span class='ocrx_word' id='word_1_184' title='bbox 261 3880 363 3947; x_wconf 84' lang='lat' dir='ltr'>utin</span> <span class='ocrx_word' id='word_1_185' title='bbox 388 3874 510 3971; x_wconf 82' lang='lat' dir='ltr'>graecis</span> <span class='ocrx_word' id='word_1_186' title='bbox 533 3874 636 3944; x_wconf 82' lang='lat' dir='ltr'>nihil</span> <span class='ocrx_word' id='word_1_187' title='bbox 668 3888 793 3943; x_wconf 86' lang='lat' dir='ltr'>contra</span> <span class='ocrx_word' id='word_1_188' title='bbox 822 3888 982 3943; x_wconf 90' lang='lat' dir='ltr'>mentem</span> <span class='ocrx_word' id='word_1_189' title='bbox 1002 3873 1117 3969; x_wconf 90' lang='lat' dir='ltr'>ipsius</span> <span class='ocrx_word' id='word_1_190' title='bbox 1142 3874 1305 3969; x_wconf 91' lang='lat' dir='ltr'>positum</span> <span class='ocrx_word' id='word_1_191' title='bbox 1339 3897 1417 3943; x_wconf 91' lang='lat' dir='ltr'>esse</span> <span class='ocrx_word' id='word_1_192' title='bbox 1435 3872 1593 3943; x_wconf 83' lang='lat' dir='ltr'>confida-</span> 
     </span>
     <span class='ocr_line' id='line_1_24' title="bbox 262 3993 421 4089; baseline -0.006 -25"><span class='ocrx_word' id='word_1_193' title='bbox 262 4018 343 4065; x_wconf 91' lang='lat' dir='ltr'>mus</span> <span class='ocrx_word' id='word_1_194' title='bbox 364 3993 421 4089; x_wconf 84' lang='lat'><strong>(*).</strong></span> 
     </span>
    </p>

    <p class='ocr_par' dir='ltr' id='par_1_6' title="bbox 262 4114 1594 4949">
     <span class='ocr_line' id='line_1_25' title="bbox 306 4114 1591 4212; baseline 0 -25"><span class='ocrx_word' id='word_1_195' title='bbox 306 4115 591 4187; x_wconf 73' lang='lat' dir='ltr'>Translationem</span> <span class='ocrx_word' id='word_1_196' title='bbox 607 4114 753 4185; x_wconf 87' lang='lat' dir='ltr'>latinam</span> <span class='ocrx_word' id='word_1_197' title='bbox 774 4114 931 4185; x_wconf 88' lang='lat' dir='ltr'>condere</span> <span class='ocrx_word' id='word_1_198' title='bbox 946 4114 1176 4186; x_wconf 80' lang='lat' dir='ltr'>inchoaverat</span> <span class='ocrx_word' id='word_1_199' title='bbox 1192 4116 1488 4200; x_wconf 74' lang='lat' dir='ltr'>Heuuterltusius,</span> <span class='ocrx_word' id='word_1_200' title='bbox 1503 4140 1591 4212; x_wconf 77' lang='lat' dir='ltr'>prae·</span> 
     </span>
     <span class='ocr_line' id='line_1_26' title="bbox 262 4245 1590 4344; baseline -0.002 -24"><span class='ocrx_word' id='word_1_201' title='bbox 262 4248 517 4321; x_wconf 88' lang='lat' dir='ltr'>stantissimam</span> <span class='ocrx_word' id='word_1_202' title='bbox 536 4246 633 4317; x_wconf 89' lang='lat' dir='ltr'>illam</span> <span class='ocrx_word' id='word_1_203' title='bbox 657 4261 692 4316; x_wconf 86' lang='lat' dir='ltr'>et</span> <span class='ocrx_word' id='word_1_204' title='bbox 714 4245 830 4341; x_wconf 88' lang='lat' dir='ltr'>qualis</span> <span class='ocrx_word' id='word_1_205' title='bbox 857 4246 961 4316; x_wconf 90' lang='lat' dir='ltr'>a&#39;tali</span> <span class='ocrx_word' id='word_1_206' title='bbox 982 4248 1060 4317; x_wconf 88' lang='lat' dir='ltr'>viro</span> <span class='ocrx_word' id='word_1_207' title='bbox 1086 4262 1226 4342; x_wconf 84' lang='lat' dir='ltr'>poterat</span> <span class='ocrx_word' id='word_1_208' title='bbox 1244 4247 1453 4344; x_wconf 88' lang='lat' dir='ltr'>exspectari,</span> <span class='ocrx_word' id='word_1_209' title='bbox 1474 4247 1590 4319; x_wconf 91' lang='lat' dir='ltr'>sedin</span> 
     </span>
     <span class='ocr_line' id='line_1_27' title="bbox 262 4365 1593 4466; baseline -0.001 -26"><span class='ocrx_word' id='word_1_210' title='bbox 262 4394 334 4466; x_wconf 90' lang='lat' dir='ltr'>qua</span> <span class='ocrx_word' id='word_1_211' title='bbox 355 4394 429 4441; x_wconf 90' lang='lat' dir='ltr'>non</span> <span class='ocrx_word' id='word_1_212' title='bbox 446 4392 527 4438; x_wconf 90' lang='lat' dir='ltr'>raro</span> <span class='ocrx_word' id='word_1_213' title='bbox 543 4365 765 4438; x_wconf 91' lang='lat' dir='ltr'>desiderabis</span> <span class='ocrx_word' id='word_1_214' title='bbox 783 4382 943 4461; x_wconf 83' lang='lat' dir='ltr'>argutam</span> <span class='ocrx_word' id='word_1_215' title='bbox 970 4367 1239 4464; x_wconf 86' lang='lat' dir='ltr'>simplieitatem</span> <span class='ocrx_word' id='word_1_216' title='bbox 1259 4384 1295 4439; x_wconf 90' lang='lat' dir='ltr'>et</span> <span class='ocrx_word' id='word_1_217' title='bbox 1317 4369 1447 4439; x_wconf 88' lang='lat' dir='ltr'>claram</span> <span class='ocrx_word' id='word_1_218' title='bbox 1472 4367 1593 4439; x_wconf 82' lang='lat' dir='ltr'>lacun-</span> 
     </span>
     <span class='ocr_line' id='line_1_28' title="bbox 265 4484 1592 4559; baseline -0.002 0"><span class='ocrx_word' id='word_1_219' title='bbox 265 4487 360 4559; x_wconf 91' lang='lat' dir='ltr'>diam</span> <span class='ocrx_word' id='word_1_220' title='bbox 388 4487 538 4558; x_wconf 92' lang='lat' dir='ltr'>Luciani</span> <span class='ocrx_word' id='word_1_221' title='bbox 568 4514 575 4555; x_wconf 93' lang='lat'><strong>:</strong></span> <span class='ocrx_word' id='word_1_222' title='bbox 611 4510 695 4557; x_wconf 90' lang='lat' dir='ltr'>nam</span> <span class='ocrx_word' id='word_1_223' title='bbox 723 4484 835 4555; x_wconf 90' lang='lat' dir='ltr'>multa</span> <span class='ocrx_word' id='word_1_224' title='bbox 868 4485 978 4555; x_wconf 89' lang='lat' dir='ltr'>nimis</span> <span class='ocrx_word' id='word_1_225' title='bbox 1013 4485 1205 4557; x_wconf 85' lang='lat' dir='ltr'>artificiose</span> <span class='ocrx_word' id='word_1_226' title='bbox 1240 4510 1308 4557; x_wconf 91' lang='lat' dir='ltr'>nec</span> <span class='ocrx_word' id='word_1_227' title='bbox 1346 4487 1430 4557; x_wconf 87' lang='lat' dir='ltr'>satis</span> <span class='ocrx_word' id='word_1_228' title='bbox 1460 4488 1592 4557; x_wconf 86' lang='lat' dir='ltr'>usitato</span> 
     </span>
     <span class='ocr_line' id='line_1_29' title="bbox 264 4605 1592 4705; baseline -0.002 -26"><span class='ocrx_word' id='word_1_229' title='bbox 264 4631 392 4705; x_wconf 84' lang='lat' dir='ltr'>genere</span> <span class='ocrx_word' id='word_1_230' title='bbox 405 4605 580 4704; x_wconf 91' lang='lat' dir='ltr'>loquendi</span> <span class='ocrx_word' id='word_1_231' title='bbox 598 4631 762 4704; x_wconf 90' lang='lat' dir='ltr'>expressa</span> <span class='ocrx_word' id='word_1_232' title='bbox 781 4607 962 4701; x_wconf 87' lang='lat' dir='ltr'>leguntur.</span> <span class='ocrx_word' id='word_1_233' title='bbox 985 4610 1024 4676; x_wconf 90' lang='lat' dir='ltr'>ln</span> <span class='ocrx_word' id='word_1_234' title='bbox 1052 4608 1200 4703; x_wconf 88' lang='lat' dir='ltr'>Nigrino</span> <span class='ocrx_word' id='word_1_235' title='bbox 1222 4608 1375 4678; x_wconf 88' lang='lat' dir='ltr'>servavit</span> <span class='ocrx_word' id='word_1_236' title='bbox 1389 4610 1592 4678; x_wconf 88' lang='lat' dir='ltr'>versionem</span> 
     </span>
     <span class='ocr_line' id='line_1_30' title="bbox 265 4727 1591 4828; baseline -0.003 -26"><span class='ocrx_word' id='word_1_237' title='bbox 265 4732 407 4820; x_wconf 77' lang='lat' dir='ltr'>Solam,</span> <span class='ocrx_word' id='word_1_238' title='bbox 428 4732 466 4800; x_wconf 93' lang='lat' dir='ltr'>in</span> <span class='ocrx_word' id='word_1_239' title='bbox 484 4730 655 4817; x_wconf 81' lang='lat' dir='ltr'>Timone,</span> <span class='ocrx_word' id='word_1_240' title='bbox 686 4727 889 4826; x_wconf 81' lang='lat' dir='ltr'>Tanaqut&#39;lli</span> <span class='ocrx_word' id='word_1_241' title='bbox 911 4729 1040 4815; x_wconf 82' lang='lat' dir='ltr'>Fabri,</span> <span class='ocrx_word' id='word_1_242' title='bbox 1074 4754 1184 4825; x_wconf 91' lang='lat' dir='ltr'>quam</span> <span class='ocrx_word' id='word_1_243' title='bbox 1213 4744 1339 4828; x_wconf 89' lang='lat' dir='ltr'>utpote</span> <span class='ocrx_word' id='word_1_244' title='bbox 1358 4728 1591 4817; x_wconf 88' lang='lat' dir='ltr'>liberrimam,</span> 
     </span>
     <span class='ocr_line' id='line_1_31' title="bbox 266 4848 1594 4949; baseline -0.002 -27"><span class='ocrx_word' id='word_1_245' title='bbox 266 4852 431 4949; x_wconf 88' lang='lat' dir='ltr'>plurimis</span> <span class='ocrx_word' id='word_1_246' title='bbox 450 4852 540 4922; x_wconf 89' lang='lat' dir='ltr'>locis</span> <span class='ocrx_word' id='word_1_247' title='bbox 553 4849 598 4920; x_wconf 89' lang='lat' dir='ltr'>ad</span> <span class='ocrx_word' id='word_1_248' title='bbox 616 4852 831 4922; x_wconf 85' lang='lat' dir='ltr'>sententiam</span> <span class='ocrx_word' id='word_1_249' title='bbox 843 4864 904 4921; x_wconf 76' lang='lat' dir='ltr'>aut</span> <span class='ocrx_word' id='word_1_250' title='bbox 924 4848 1076 4922; x_wconf 90' lang='lat' dir='ltr'>modum</span> <span class='ocrx_word' id='word_1_251' title='bbox 1090 4874 1209 4946; x_wconf 81' lang='lat' dir='ltr'>graecae</span> <span class='ocrx_word' id='word_1_252' title='bbox 1223 4850 1396 4922; x_wconf 88' lang='lat' dir='ltr'>orationis</span> <span class='ocrx_word' id='word_1_253' title='bbox 1415 4849 1594 4920; x_wconf 87' lang='lat' dir='ltr'>revocavi·</span> 
     </span>
    </p>
   </div>
   <div class='ocr_carea' id='block_1_6' title="bbox 241 5084 1590 5227">
    <p class='ocr_par' dir='ltr' id='par_1_7' title="bbox 241 5084 1590 5227">
     <span class='ocr_line' id='line_1_32' title="bbox 241 5084 1590 5150; baseline -0.002 -12"><span class='ocrx_word' id='word_1_254' title='bbox 241 5114 248 5127; x_wconf 84' lang='lat'><strong>·</strong></span> <span class='ocrx_word' id='word_1_255' title='bbox 300 5087 333 5150; x_wconf 73' lang='lat'>(¹¹)</span> <span class='ocrx_word' id='word_1_256' title='bbox 350 5088 410 5137; x_wconf 87' lang='lat' dir='ltr'>Sero</span> <span class='ocrx_word' id='word_1_257' title='bbox 420 5086 546 5136; x_wconf 82' lang='lat' dir='ltr'>nobiseum</span> <span class='ocrx_word' id='word_1_258' title='bbox 556 5087 735 5137; x_wconf 76' lang='lat' dir='ltr'>communicate</span> <span class='ocrx_word' id='word_1_259' title='bbox 745 5090 783 5137; x_wconf 82' lang='lat' dir='ltr'>est</span> <span class='ocrx_word' id='word_1_260' title='bbox 793 5088 847 5137; x_wconf 73' lang='lat' dir='ltr'>hae</span> <span class='ocrx_word' id='word_1_261' title='bbox 857 5086 998 5137; x_wconf 81' lang='lat' dir='ltr'>admonitio.</span> <span class='ocrx_word' id='word_1_262' title='bbox 1013 5106 1025 5130; x_wconf 78' lang='grc' dir='ltr'>ιι</span> <span class='ocrx_word' id='word_1_263' title='bbox 1035 5088 1134 5149; x_wconf 62' lang='lat' dir='ltr'>Pagut,</span> <span class='ocrx_word' id='word_1_264' title='bbox 1146 5086 1263 5148; x_wconf 66' lang='lat' dir='ltr'>naiman.</span> <span class='ocrx_word' id='word_1_265' title='bbox 1278 5084 1293 5149; x_wconf 90' lang='lat'><em>§</em></span> <span class='ocrx_word' id='word_1_266' title='bbox 1303 5088 1327 5147; x_wconf 81' lang='lat'>³,</span> <span class='ocrx_word' id='word_1_267' title='bbox 1336 5095 1409 5133; x_wconf 79' lang='lat' dir='ltr'>versu</span> <span class='ocrx_word' id='word_1_268' title='bbox 1421 5085 1458 5143; x_wconf 92' lang='lat' dir='ltr'>tt,</span> <span class='ocrx_word' id='word_1_269' title='bbox 1466 5085 1523 5147; x_wconf 78' lang='lat' dir='ltr'>post</span> <span class='ocrx_word' id='word_1_270' title='bbox 1534 5096 1590 5135; x_wconf 80' lang='lat' dir='ltr'>voe.</span> 
     </span>
     <span class='ocr_line' id='line_1_33' title="bbox 269 5150 988 5227; baseline -0.007 -14"><span class='ocrx_word' id='word_1_271' title='bbox 269 5150 988 5227; x_wconf 60' lang='lat' dir='ltr'>mmmmmdasunlverbelteaesuettmpamn.</span> 
     </span>
    </p>
   </div>
   <div class='ocr_carea' id='block_1_7' title="bbox 411 5285 1439 5324">
    <p class='ocr_par' dir='ltr' id='par_1_8' title="bbox 411 5285 1439 5324">
     <span class='ocr_line' id='line_1_34' title="bbox 411 5285 1439 5324; baseline -0.009 -3"><span class='ocrx_word' id='word_1_272' title='bbox 411 5285 556 5324; x_wconf 71' lang='lat' dir='ltr'>causaest.</span> <span class='ocrx_word' id='word_1_273' title='bbox 1421 5288 1439 5324; x_wconf 70' lang='lat' dir='ltr'>a</span> 
     </span>
    </p>
   </div>
   <div class='ocr_carea' id='block_1_8' title="bbox 0 0 1936 5909">
    <p class='ocr_par' dir='ltr' id='par_1_9' title="bbox 0 0 1936 5909">
     <span class='ocr_line' id='line_1_35' title="bbox 0 0 1936 5909; baseline 0 0"><span class='ocrx_word' id='word_1_274' title='bbox 0 0 1936 5909; x_wconf 95' lang='lat' dir='ltr'> </span> 
     </span>
    </p>
   </div>
  </div>
 </body>
</html>
