3825 5909
186 367 243 418 200
718 371 846 434 xvttt.
873 377 1112 460 auctorit.
1140 401 1209 448 4-
1223 401 1252 452 d.
1661 413 1708 488 (τιν
1723 446 1736 460 ·
1749 421 1802 498 τιν)

183 514 210 550 τι
223 491 390 566 πεπονθέναι,
400 494 468 553 κατδι
481 503 577 556 σαυτοῦ
589 502 603 556 ὑ
613 503 820 587 Βελλεροφόντης
831 513 971 594 γεγραφὼς
988 545 995 607 γ
1016 527 1096 579 tabula
1107 532 1247 598 Corintbla,
1260 541 1286 586 et
1301 539 1353 602 ipse
1365 546 1448 593 contra
1465 549 1488 596 te
1499 545 1658 614 Bellerophon
1676 558 1802 620 scripsisse

183 577 213 637 τον
227 577 337 657 βιύλίον·
349 578 386 658 μδ
397 580 448 662 γὰρ
459 581 503 642 τδν
515 583 555 644 Δί’
566 588 616 667 οὐχ
627 591 680 667 ὁρῶ
690 589 738 662 rip
751 595 903 675 ἀπολογίαν,
914 599 972 670 ἥτις
990 612 993 637 ³
1013 616 1128 668 libellum.
1161 625 1198 671 tta
1209 625 1274 674 enim
1285 641 1325 676 me
1337 631 1431 693 Jupiter
1441 639 1520 696 amet,
1530 643 1559 688 ut
1574 653 1623 690 nou
1632 642 1717 706 rideo,
1726 660 1801 710 quam

182 664 396 747 seraptenas<
414 692 454 728 σοι
472 670 571 749 γένοιτο
590 677 654 756 πρὸς
670 677 730 746 τοὺς
747 692 970 766 κατηγοροῦντας,
1012 716 1124 768 mamm,
1135 722 1192 772 quae
1209 713 1308 776 quidem
1327 720 1432 780 speciem
1446 722 1547 788 babeat,
1558 733 1642 779 contra
1657 738 1800 788 accusantes

181 753 227 812 καλ
239 755 369 832 μάλιστα,
383 755 415 828 ἢν
430 756 477 816 οὐν
489 758 585 838 γέλωτι
600 765 662 823 αὐτὸ
676 771 785 826 ποιῶσιν
803 773 969 844 ἐπαινοῦντες
1011 795 1089 854 possis
1098 797 1178 848 dicere
1188 815 1195 848 :
1205 805 1339 864 praeserttm
1348 807 1368 856 si
1376 823 1432 858 cum
1445 811 1495 862 risu
1507 814 1552 864 hoc
1562 815 1662 879 faciant,
1672 820 1800 876 laudantes

181 840 229 920 μὲν
242 841 276 901 τύι
287 843 460 926 γεγραμμένα
470 847 515 906 καί
526 848 574 921 τὴν
588 853 615 909 ἓν
627 854 713 921 αὑτοῖς
723 858 879 939 ἐλευθερίαν,
890 862 969 921 αὐτὸν
1011 883 1112 946 scripta,
1124 891 1150 936 et
1158 903 1213 951 quae
1226 892 1251 940 lu
1263 892 1310 942 illis
1319 895 1398 946 elucet
1413 898 1548 952 libertatem

1574 919 1582 954 ι
1612 921 1655 956 um
1669 923 1727 960 rero
1741 926 1798 963 scu·

179 929 208 988 δέ
221 929 266 989 τὸν
280 933 432 1014 συγγραφέα
446 936 601 998 δουλεύοντα
616 943 725 1022 ὁρῶντες
738 943 783 1004 καί
798 947 890 1008 ἑκόντα
900 953 968 1010 buc·
1554 941 1561 965 ν
1583 919 1612 968 ps

1010 972 1105 1032 ptorcm
1117 977 1261 1029 seruientem
1272 981 1382 1034 uidentes
1391 989 1417 1036 et
1427 987 1469 1050 qui
1481 996 1567 1052 sponte
1575 994 1665 1046 collum
1673 998 1732 1062 iugo
1742 1001 1798 1051 sub
1864 1027 1870 1038 ·

178 1019 280 1078 τιθέντα
300 1019 345 1078 τὸν
361 1021 461 1101 αὐχένα
476 1029 514 1104 τῷ
527 1029 604 1107 ζυγῷ.
1010 1058 1111 1110 miserit,

220 1121 248 1169 4.
271 1111 329 1170 Οὐκ
349 1109 475 1170 ἀπεικότα
494 1119 555 1190 γοῦν
574 1113 673 1192 λέγοιεν
695 1115 735 1189 ἂν,
752 1121 774 1178 si
792 1119 891 1198 λέγοιεν
909 1124 967 1197 ἤτοι
1041 1149 1064 1195 t.
1082 1152 1135 1198 lton
1146 1150 1251 1204 absurde
1263 1151 1344 1221 itaque
1355 1158 1472 1224 dixerint,
1485 1165 1507 1214 si
1518 1165 1624 1220 dixerint
1639 1177 1683 1221 aut
1697 1173 1798 1228 alterius

1240 1244 1285 1294 riri
1297 1259 1351 1297 esse
1369 1249 1471 1314 librum,
1485 1257 1557 1316 teque
1572 1260 1696 1320 graculum
1710 1264 1797 1316 alienis

920 1301 966 1360 οὑν
1009 1327 1132 1386 superbire
1143 1330 1242 1394 pennis;
1252 1340 1307 1396 aut,
1320 1337 1340 1386 si
1349 1341 1406 1390 tuus
1417 1341 1462 1402 sit,
1473 1343 1538 1392 idem
1549 1350 1572 1395 te
1585 1348 1651 1410 quod
1662 1352 1796 1404 Salutlrum

178 1195 259 1255 ἀλλου
276 1221 321 1257 του
335 1198 453 1277 γενναίου
469 1201 560 1283 ἀνδρὸς
574 1193 640 1260 εἶναι
654 1203 684 1262 τδ
700 1205 800 1285 βιῦλίον
815 1210 860 1268 καὶ
879 1211 907 1270 σέ
922 1213 967 1272 τὸν
1009 1234 1135 1297 cujusdam
1153 1240 1222 1292 γημῑ,

177 1284 278 1344 κολοιδν
300 1286 444 1367 ἀλλοτρίοις
465 1298 569 1371 πτεροῖς
593 1292 766 1369 ἀγάλλεσθαι,
792 1295 899 1380 ἢεῖπερ

175 1375 256 1444 έστιν,
268 1372 345 1452 ὅμοιοί
358 1398 387 1433 σε
396 1379 435 1454 τῷ
447 1376 573 1460 Σαλαίθῳ
582 1381 676 1453 ποιεῖν,
689 1379 715 1448 ὃς
727 1383 884 1465 πικρότατον
896 1389 966 1447 κατὰ
1007 1411 1099 1476 facere,
1111 1418 1154 1480 qur
1165 1421 1320 1473 acerbissima
1328 1428 1394 1490 apud
1407 1432 1558 1483 Crotoniatas
1571 1435 1623 1498 pege
1634 1443 1718 1488 contra
1727 1441 1795 1492 ηηηη,

176 1464 278 1541 μοιχῶν
295 1463 349 1530 τοῖς
371 1463 566 1543 Κροτωνιάταις
589 1466 668 1545 νόμον
693 1470 745 1538 θολς
766 1472 811 1530 κοιλ
832 1477 964 1552 scopata·
1007 1504 1071 1551 toros
1082 1505 1142 1568 lata,
1159 1521 1212 1557 eam
1226 1510 1258 1559 ob
1276 1526 1374 1564 eausam
1390 1519 1536 1582 celebratus,
1549 1538 1597 1573 non
1609 1524 1642 1575 ita
1651 1529 1729 1578 mullo
1740 1535 1795 1592 post

175 1571 251 1624 μενος
275 1548 318 1607 έπ’
340 1552 412 1631 αὐτῷ
434 1549 500 1629 μετὰ
525 1551 617 1634 μικρὸν
636 1555 713 1622 οὗτος
738 1557 808 1617 ἑοίλιο
833 1562 964 1644 μοιχοιλιον
1006 1589 1031 1637 iu
1043 1590 1162 1644 adulterio
1174 1610 1230 1646 cum
1240 1599 1320 1650 iratris
1330 1617 1405 1655 uxore
1415 1606 1579 1670 deprenensus
1589 1618 1633 1662 eat.
1665 1615 1703 1666 Ad
1714 1631 1794 1668 amus·

173 1638 349 1719 τοῦάδελφοῦ
368 1637 416 1710 τὴν
437 1645 559 1718 γυναῖκα.
603 1643 669 1723 ssspl
684 1643 752 1703 πονοι
767 1647 851 1706 τοίνυν
870 1650 916 1709 ιιιιν
933 1651 963 1710 ον
1006 1676 1053 1727 sim
1062 1679 1272 1750 igiturtequcque
1282 1690 1490 1745 Salaetbunnillum
1501 1697 1588 1761 aliquis
1597 1701 1693 1753 dixerit.
1727 1708 1795 1764 Quin

171 1725 217 1782 τδν
228 1726 360 1786 Σάλαιθον
370 1727 466 1786 ἐκεῖνον
476 1719 542 1786 εἶναι
553 1728 616 1810 φαίη
630 1754 668 1798 τις
680 1731 725 1790 ἄν·
739 1736 839 1811 μᾶλλον
852 1737 879 1795 δὲ
892 1739 961 1798 πολὺ
1004 1765 1082 1816 muru,
1098 1769 1243 1822 topefapffiffl
1261 1775 1314 1838 ipe,
1330 1793 1411 1830 amore
1422 1784 1465 1845 qui
1482 1792 1567 1848 ωρηη,
1581 1794 1658 1852 essee,
1677 1797 1792 1855 quemad.

172 1813 343 1895 μετριώτερος
368 1817 477 1895 ἐκεῖνος,
505 1815 583 1897 ἔρωτι
609 1816 657 1894 μὲν
683 1820 776 1900 ἇλοὺς,
798 1827 833 1890 ὡς
848 1823 962 1906 ίφποιιιν
1004 1854 1225 1910 modumincausa
1240 1862 1341 1914 dicenda
1350 1873 1793 1943 commemoravit‚etultrcinlgnem

172 1899 392 1980 ἀπολυγοὺμενος,
409 1900 475 1961 ἑκὼν
489 1900 516 1961 δν
531 1903 605 1981 palla
621 1905 742 1986 τιλψιίχιος
753 1911 779 1977 ές
793 1910 823 1969 πο
841 1917 894 1994 πῦρ
909 1914 962 1973 ονλ-
1003 1947 1076 2005 atquc
1085 1946 1190 1998 animose
1202 1950 1325 2015 insilierit,
1338 1956 1503 2010 misericordia
1513 1961 1642 2016 licetillius
1650 1967 1701 2029 jam
1711 1975 1792 2033 tange·

170 1987 291 2066 λόμενος,
304 1989 389 2048 καίτοι
403 1989 544 2050 ἐλεούντων
556 1991 635 2052 αὐτὸν
647 1993 697 2066 ἤδη
710 1997 901 2076 Κροτωνιατῶν
913 2001 960 2061 καί

169 2075 320 2136 ἐνδιδόντων
339 2078 438 2159 φυγεῖν,
456 2080 479 2136 εἰ
499 2077 627 2158 βούλοιτο.
670 2081 709 2142 'll
731 2083 758 2142 δέ
776 2083 821 2144 σὸν
837 2089 866 2145 οὐ
886 2088 959 2173 παρά

170 2163 263 2247 μικρὸν
278 2164 451 2247 ἀτοπώτερον,
467 2167 635 2247 ἀκριόοῦντος
649 2167 697 2247 μὲν
711 2173 738 2229 ἐν
751 2177 803 2241 τοῖς
815 2175 902 2253 λόγοις
911 2177 959 2250 τὴν

168 2259 213 2312 τοῦ
226 2251 342 2313 τοιούτου
359 2253 416 2334 βίου
431 2254 636 2337 δουλοπρέπειαν
646 2256 692 2316 ιιιιν
705 2269 923 2344 κατηγοροῦντος,
934 2265 960 2326 ιν
1008 2300 1208 2363 accusarcrlsquc
1219 2303 1305 2367 siquis
1317 2308 1342 2356 iu
1356 2309 1437 2360 divitia
1450 2313 1552 2376 alicuius
1563 2317 1664 2369 domum
1679 2321 1789 2374 inridens

167 2365 206 2410 τις
227 2345 262 2410 είς
280 2341 406 2402 πλουσίου
422 2342 491 2410 τινὸς
508 2343 630 2421 ἐμπεσὼν
646 2345 691 2404 καί
712 2348 848 2431 καθείρξας
865 2354 957 2413 ἑαυτὸν
1000 2387 1026 2432 ,η
1039 2387 1187 2439 mpudens
1205 2404 1244 2452 ,θ’
1260 2401 1372 2446 ,emma
1389 2399 1542 2452 immod„
1559 2408 1584 2454 eq
1600 2408 1649 2468 paq
1664 2414 1690 2459 eq
1710 2412 1788 2464 sm

167 2427 287 2509 ἀνέχοιτο
312 2429 393 2511 μυρία
412 2428 447 2488 τά
471 2431 585 2511 δυσχερῆ
607 2431 720 2513 πάσχων
745 2436 791 2494 ναν
811 2441 903 2512 ποιῶνι
926 2445 952 2500 ον
999 2473 1245 2538 sustineat3extrema
1256 2494 1314 2532 sero
1330 2491 1454 2538 senet-tute
1464 2492 1489 2540 et
1501 2505 1574 2556 prope
1583 2494 1633 2556 jam
1647 2496 1673 2546 in
1688 2498 1787 2563 limine,

166 2516 236 2598 γήρᾳ
255 2517 277 2574 δ’
292 2517 395 2599 ὑστείτῳ
409 2517 455 2576 κοιλ
469 2520 562 2598 οχοδον
578 2519 629 2590 ἤδη
645 2521 710 2602 ὑπὲρ
723 2522 768 2580 ιον
782 2525 856 2584 νοοον
873 2527 956 2598 ονιινΐ
998 2560 1107 2620 ignavam
1119 2564 1179 2614 adco
1192 2569 1334 2621 servitutem
1345 2575 1460 2638 subieris,
1473 2583 1497 2627 et
1510 2584 1658 2635 tantuutuon
1669 2586 1694 2636 in
1705 2602 1734 2638 ea
1746 2595 1787 2654 te,

167 2606 260 2679 οίῑννῆ
275 2603 397 2684 νοοοονον
413 2603 612 2685 νοονῦοηίνννον
628 2607 674 2666 νον
689 2612 827 2692 μονονονλν
843 2615 889 2672 νον
896 2619 954 2708 fd·
998 2652 1112 2712 tanquam
1123 2652 1147 2701 in
1159 2668 1246 2719 pcrnpa
1256 2660 1360 2720 quartum
1372 2667 1530 2728 constitutus,
1542 2673 1655 2724 ostentes.
1687 2680 1785 2735 Quanto

165 2690 345 2766 εομπεὺοντος
360 2695 440 2772 αὑτῇ·
454 2691 508 2775 ὅτῳ
518 2699 580 2772 γοῦν
594 2704 650 2753 ποῖο
653 2719 674 2754 ιν
688 2699 875 2782 ἕπιπομόιιροο
887 2709 953 2764 οἶνοι
997 2736 1069 2797 igitur
1080 2738 1196 2802 insignior
1207 2757 1260 2794 esse
1272 2747 1385 2797 omuibus
1396 2753 1495 2814 rideris,
1504 2760 1570 2808 tanto
1581 2763 1658 2823 magis
1672 2763 1735 2815 idem
1747 2768 1783 2817 vi·

165 2783 261 2853 δοκεῖς,
281 2781 398 2860 τοσούτῳ
420 2781 676 2864 καταγελαστότερος
696 2783 728 2844 ἂν
751 2785 850 2857 δοὲιιοις
872 2780 952 2869 οἶνοι,
996 2814 1067 2866 deare
1075 2817 1354 2882 ridiculus‚rcclamaute
1363 2843 1435 2894 quam
1446 2837 1566 2898 nuucagis
1577 2839 1627 2888 vita
1638 2841 1720 2892 libello
1729 2850 1782 2897 tuo.

166 2871 369 2950 ἀντιφωνοῦντος
379 2874 424 2927 τοῦ
439 2875 485 2928 νῶν
499 2868 556 2948 βίου
570 2875 607 2952 τῷ
623 2871 726 2954 βιόλίῳ.

204 2967 232 3017 5·
256 2956 352 3017 χαίρω
369 2955 396 3016 τί
413 2958 452 3016 δεῖ
466 2955 557 3029 καινὴ,
577 2958 621 3017 ἐπι,
639 2959 668 3018 ,ρ
690 2964 850 3045 κατηγορῶν
865 2969 950 3040 ζητεῖν
1006 2957 1049 3024 Ι5.
1067 2954 1211 3017 Quanquam
1227 2958 1286 3019 quid
1303 2973 1365 3023 opus
1381 2966 1418 3012 est
1436 2978 1524 3016 novam
1540 2977 1622 3020 contra
1640 2977 1664 3023 te
1683 2989 1784 3028 arcusa.

995 3015 1085 3064 tionem
1094 3017 1293 3083 circumspicere,
1303 3025 1358 3084 post
1367 3025 1532 3080 admirabilem
1546 3032 1611 3082 illam
1625 3037 1783 3103 νοαιτιῖῖιιιιι,

163 3044 231 3123 μιτδι
244 3043 292 3116 τὴν
305 3043 461 3124 θαυμαστὴν
474 3047 623 3129 τραγῳδίαν
635 3047 763 3128 λέγουσαν
993 3088 1064 3138 ηοω,

1003 2035 1087 2081 rentur
1097 2036 1260 2100 crotoniatae,
1272 2046 1297 2090 et
1307 2044 1385 2105 exilii,
1396 2047 1416 2095 si
1429 2049 1559 2111 voluisset,
1570 2054 1663 2116 copiam
1676 2057 1791 2111 iacerent.

1002 2121 1083 2170 Tuum
1098 2124 1180 2174 autem
1189 2126 1256 2178 baud
1266 2131 1348 2192 paullo
1359 2133 1489 2187 absurdius
1498 2139 1590 2190 tactum
1599 2145 1650 2205 cst,
1660 2147 1702 2206 qui
1714 2150 1789 2198 serri-

1002 2207 1050 2256 lem
1066 2208 1137 2271 liujus
1147 2213 1205 2264 ritae
1223 2216 1382 2270 bumilitatem
1398 2228 1509 2276 accurata
1519 2229 1628 2280 oratioue
1640 2236 1789 2299 excusseris,

300 3183 364 3242 μισῶ
373 3181 494 3243 σοφιστὴν,
506 3179 571 3236 ὅστις
583 3181 628 3245 οὐχ
639 3183 704 3245 αὐτῷ
714 3183 801 3248 σοφόςς
1045 3197 1089 3245 oali
1099 3201 1201 3259 (lnquit)
1213 3205 1340 3262 sophistam
1351 3210 1393 3267 qut
1401 3209 1511 3260 sibiutbil
1520 3215 1600 3274 sapit?

159 3303 219 3363 Οὐκ
233 3301 394 3384 ἀπορήσουσι
407 3301 435 3362 δὲ
448 3305 470 3364 ol
482 3310 687 3386 κατηγοροῦντες
697 3307 743 3367 καὶ
755 3307 843 3370 ἄλλων
855 3335 947 3392 παρα·
991 3325 1041 3373 nec
1052 3325 1155 3376 deemnt
1166 3327 1220 3391 bis,
1233 3330 1276 3393 qui
1291 3345 1403 3384 accusare
1414 3336 1511 3399 rotent,
1524 3339 1595 3388 etiarn
1608 3341 1653 3391 alia
1669 3343 1694 3392 in
1705 3348 1730 3394 tc
1741 3359 1778 3396 ar-

159 3389 306 3470 δειγμοίτων
319 3392 363 3451 ἐπὶ
375 3390 419 3468 σέ,
430 3393 488 3452 ἀλλ’
498 3396 521 3452 σί
532 3391 579 3471 μὲν
590 3398 642 3461 τοῖς
651 3399 782 3476 τραγικοῖς
795 3401 947 3480 ὑποκριταῖς
990 3417 1104 3474 puniente
1116 3429 1122 3463 ε
1136 3416 1180 3465 sed
1195 3416 1236 3466 aiii
1255 3421 1349 3482 tragicis
1363 3419 1387 3471 t'e
1402 3424 1524 3476 actoribus
1537 3428 1718 3494 assimilabunt,
1735 3436 1778 3497 qul

157 3478 315 3551 εἰκάσουσιν,
327 3478 352 3539 οἳ
364 3479 408 3538 ἐπὶ
418 3477 466 3558 μὲν
480 3485 526 3553 τῆς
538 3487 636 3555 σκηνῆς
650 3481 823 3561 Ἀγαμέμνων
838 3485 946 3556 ἕκαστος
990 3499 1015 3549 in
1034 3514 1106 3552 scena
1116 3504 1214 3566 quidem
1232 3512 1379 3570 Agamemno
1390 3515 1558 3577 unusquisque
1574 3521 1615 3566 aul
1627 3521 1719 3582 cresin,
1733 3527 1779 3572 ant

157 3573 243 3630 αὐτῶν
255 3568 272 3642 ἢ
288 3567 381 3651 Κρέων
394 3566 412 3642 ἢ
427 3570 505 3639 αὐτὸς
518 3571 654 3653 Ἡρακλῆς
668 3576 741 3646 εἰσιν,
753 3572 802 3642 ἔξω
813 3574 839 3633 δέ
851 3578 946 3644 Πῶλος
989 3588 1041 3650 ipse
1052 3589 1112 3640 adeo
1125 3594 1239 3643 Hercules
1249 3600 1320 3657 suut;
1331 3603 1399 3647 extra
1409 3612 1467 3650 vcro
1477 3603 1549 3652 Polus
1558 3611 1600 3655 aut
1609 3608 1777 3661 Aristodemus

155 3657 173 3716 λ
194 3657 380 3740 Ἀριστόδημος
402 3657 557 3736 ἀποθέμενοι
579 3659 613 3718 τδι
633 3662 788 3741 προσωπεῖα
811 3662 944 3743 γίγνονται
988 3679 1098 3737 personis
1108 3679 1225 3742 depositis
1238 3683 1298 3734 liunt
1314 3689 1454 3736 mercenarii
1471 3691 1586 3753 tragrudi,
1603 3695 1645 3757 qui
1659 3697 1777 3750 excidunt

155 3745 296 3824 ὑπόμισθοι
303 3747 509 3826 τραγωδοῦντες,
518 3745 689 3814 ἐκπίπτοντες
695 3748 740 3808 καὶ
750 3751 944 3831 συριττόμενοι,
988 3763 1108 3816 interdum
1124 3769 1345 3835 exsibilanturque,
1359 3774 1480 3825 interdum
1493 3791 1550 3828 vero
1566 3781 1651 3842 etiam,
1663 3784 1685 3833 sl
1697 3785 1731 3835 ita
1743 3788 1777 3836 vi·

154 3829 281 3890 tuleradi
301 3831 347 3890 καὶ
364 3803 569 3909 μαστιγούμενοί
589 3857 656 3901 τινες
677 3836 774 3908 αὐτῶν,
796 3839 832 3904 ὡς
852 3836 884 3896 ἂν
905 3845 943 3922 τῷ
987 3850 1074 3903 (icatur
1091 3858 1279 3919 spectatoribus,
1298 3862 1507 3927 llagellisquidam
1524 3867 1620 3918 illorum
1639 3873 1774 3925 caeduntur.

154 3917 255 4000 θεότρω
271 3919 348 3990 δοκῆ·
369 3919 444 3978 ἄλλοι
463 3917 491 3977 δδ
504 3920 534 3977 τὸ
551 3925 597 3979 τοῦ
614 3921 725 3994 πιθήκου
743 3924 898 3984 πεπονθέναι
913 3950 942 3987 σε
985 3941 1105 3992 nitricem
1117 3944 1162 3994 tibi
1174 3959 1221 3996 usu
1232 3949 1419 4001 venissedicent
1428 3953 1492 4015 quod
1502 3955 1592 4018 simiae,
1602 3971 1675 4021 quarn
1686 3961 1775 4012 illustri

153 3977 290 4087 φήσουὺιν,
303 3985 331 4065 ὃν
347 4005 508 4089 Κλεοπάτρα
522 4013 555 4080 τῆ
570 4008 639 4068 πάνυ
654 4011 717 4090 φασὶ
730 4011 862 4091 γενέσθαι·
878 4016 941 4074 ἐκεῖ·
986 4030 1121 4093 cleopatrae
1135 4033 1203 4082 aiunt
1217 4035 1298 4084 luisse.
1335 4039 1404 4088 illam
1422 4042 1488 4090 enim
1499 4043 1608 4095 educbm
1624 4047 1773 4110 aliquamdiu

152 4117 195 4153 νον
209 4094 260 4178 γδρ
275 4092 431 4175 διδαχθέντα
447 4094 512 4163 τέως
531 4075 579 4174 μέν
594 4099 728 4178 ὀρχεῖσθαι
741 4099 810 4158 ποίνυ
825 4101 942 4180 κοσμίοις
984 4119 1083 4180 quidam
1093 4120 1190 4170 saltasse
1199 4121 1313 4173 decenter
1321 4126 1452 4177 admodum
1460 4131 1643 4196 modulateque,
1650 4149 1678 4184 ac
1688 4138 1773 4189 multra

151 4182 197 4242 sai
212 4185 333 4261 ἐμμελῶς
346 4182 392 4242 καὶ
404 4183 448 4242 tut
462 4183 529 4242 πολύ
543 4185 723 4261 θαυμάζεσθαι
737 4186 848 4264 μένοντα
861 4193 888 4248 ἐν
902 4194 940 4272 τῷ
984 4206 1059 4256 luisse
1069 4208 1234 4272 admirationi,
1246 4225 1302 4274 qum
1314 4217 1339 4262 et
1350 4214 1459 4265 barbitum
1470 4232 1544 4269 suurn
1557 4229 1675 4284 seruaret,
1694 4230 1719 4275 et
1730 4227 1771 4277 de-

151 4270 272 4352 σχτίματι
286 4270 332 4330 καί
352 4269 383 4330 τδ
404 4271 505 4353 πρέπον
524 4273 685 4355 φυλάττοντα
708 4274 753 4333 καί
774 4284 827 4342 τοῖς
848 4277 939 4358 ᾅδουσι
983 4307 1065 4344 mrrrm
1077 4296 1222 4359 custodiret,
1235 4303 1260 4348 et
1277 4301 1430 4363 lrymenrrum
1442 4317 1501 4356 rore
1513 4307 1617 4372 tibiaque
1629 4313 1772 4365 canentibus

149 4360 194 4419 καί
204 4361 313 4420 αὐλοῦσι
325 4361 525 4440 συγκινούμενον
537 4359 668 4438 ὑμέναιον,
682 4363 775 4422 ἐπελδὲ
788 4353 852 4422 εἶδεν
864 4366 938 4445 ίσχεί-
983 4388 1064 4433 mctus
1082 4386 1285 4450 accommodaret,
1302 4397 1430 4453 conspecta
1451 4407 1509 4444 vero
1526 4396 1587 4457 ficri,
1605 4400 1704 4462 opinor,
1728 4407 1771 4453 aut

149 4450 196 4520 δα,
209 4439 297 4526 οἶμαι,
316 4446 498 4528 ἣάμύγδαλον
518 4447 608 4531 πόρρω
622 4449 754 4528 κειμένην,
770 4453 859 4531 μακρὰ
874 4454 960 4564 χιιί-Ι
981 4473 1106 4534 amygdala
1125 4476 1207 4536 procul
1225 4477 1334 4540 iacente,
1352 4480 1452 4542 longum
1472 4484 1526 4534 rale
1547 4486 1636 4537 dixisse
1658 4489 1725 4539 tibiis
1745 4497 1771 4542 et

150 4559 202 4617 ρειν
221 4535 357 4618 φράσαντα
378 4540 432 4604 τοῖς
451 4537 539 4603 αὐλοῖς
553 4536 598 4596 καί
620 4540 725 4619 ῥυθμοῖς
739 4537 785 4596 καλ
802 4540 938 4620 ὀρχήμασι
981 4561 1059 4609 modis
1079 4563 1104 4611 et
1121 4563 1300 4628 saltationibus,
1320 4575 1490 4634 correptusque
1508 4571 1601 4624 tructus
1618 4576 1712 4639 abjecta
1729 4580 1769 4630 vel

148 4623 355 4706 συναρπάσαντα
369 4621 559 4705 κατατρώγειν,
575 4625 773 4707 ἀπορρίψαντα,
787 4631 888 4703 μᾶλλον
905 4629 934 4688 δὲ
980 4650 1082 4700 conpita
1091 4653 1172 4714 ρηηηη,
1183 4667 1303 4718 persona,
1315 4656 1451 4708 devorasse·

147 4714 324 4796 sussciperetur
338 4712 368 4772 τδ
382 4712 535 4794 πρόσωπον.

188 4812 215 4862 6.
239 4801 293 4862 Καὶ
308 4800 339 4860 σὺ
358 4800 453 4874 τοίνυν,
471 4801 545 4881 φαῖεν
567 4798 608 4872 ἀν,
630 4801 679 4880 οὐχ
697 4799 851 4882 ὑποκριτὴς,
866 4801 935 4862 ἀλλά
1009 4812 1033 4856 θ.
1051 4808 1208 4872 Είῖυῖρῖιυτ,
1221 4811 1339 4874 dixerint,
1351 4827 1398 4864 uou
1410 4817 1704 4881 actor,sedpoelarerunr
1713 4825 1766 4886 pul·

146 4886 256 4960 ποιητλς
276 4893 327 4947 τῶν
346 4887 496 4948 καλλίστων
511 4885 556 4946 καί
573 4885 712 4964 νομοθέτης
729 4887 865 4967 γενόμενος
884 4889 934 4950 ὑπὸ
977 4895 1152 4948 cherrimurum
1166 4901 1192 4949 et
1202 4900 1323 4962 legislator
1340 4904 1382 4965 qui
1401 4905 1488 4965 tueris,
1504 4905 1592 4957 abisac
1607 4913 1765 5010 ostensa-lieu

145 4975 258 5048 ταυτησί
277 4980 324 5046 τῆς
344 4976 450 5055 ἰσχάδος
467 4973 665 5056 παραφανείσης
681 4972 810 5056 ἠλέγχθης
824 4975 933 5050 πίθηκος
977 4984 1062 5034 simius
1074 4999 1128 5036 esse
1143 4988 1169 5036 et
1183 5001 1198 5037 a
1213 4989 1359 5051 primoribus
1371 4991 1443 5041 talaris
1460 4993 1623 5058 philosophari
1640 5005 1766 5051 constetne

145 5061 182 5122 ὢν
193 5061 239 5122 καί
250 5063 295 5122 ἀπ’
306 5063 386 5144 ἄκρου
397 5063 500 5143 χείλους
510 5065 657 5144 φιλοσοφῶν
670 5062 714 5121 καὶ
727 5062 803 5144 ἕτερα
815 5062 863 5142 μὲν
875 5065 932 5124 aad·
975 5087 1016 5134 es,
1032 5080 1106 5138 atque
1123 5080 1205 5126 mento
1222 5077 1287 5127 aliud
1303 5079 1394 5141 celare,
1410 5080 1476 5131 aliud
1494 5097 1604 5146 promere
1620 5086 1714 5149 verbis3
1736 5095 1765 5138 ut

146 5159 197 5214 θων
210 5151 248 5213 ἀνί
260 5151 439 5234 φρισλν,ἄλλα
453 5151 481 5212 δὲ
493 5151 586 5230 λέγων,
600 5155 636 5219 ιὺς
650 5150 755 5220 εἰκότως
769 5152 800 5212 ἄν
815 5177 873 5214 τινα
887 5153 931 5214 ε’πὶ
972 5163 1027 5225 iure
1046 5163 1134 5227 aliquia
1151 5164 1182 5216 dc
1199 5167 1225 5217 tc
1245 5166 1323 5230 dicat,
1345 5181 1400 5231 quas
1413 5169 1474 5220 dicls
1492 5173 1518 5221 et
1534 5180 1631 5237 propter
1643 5188 1699 5239 quar
1713 5177 1764 5226 lau·
