3825 5909
161 424 219 477 ιιο
760 409 831 470 xv.
853 400 1033 469 hhlEii.
1058 420 1165 495 ⁷⁶⁹·
1638 418 1773 496 (rra-oq

158 557 268 612 τοιαῦτα
278 548 437 622 ἐξηνθήκατε
453 546 561 607 ποικίλα
573 546 617 606 καί
634 547 759 620 πολυειδῆ
777 546 822 616 adr
841 546 944 629 βαράς,
989 556 1071 606 uarios
1089 557 1169 619 speeie
1177 560 1202 606 et
1212 556 1348 619 ooloribus;
1360 558 1380 609 si
1394 558 1493 623 quidem
1505 560 1583 625 legere
1597 561 1651 612 lllos
1663 566 1724 615 solat
1735 566 1777 616 ali·

159 640 230 707 είτις
237 637 415 707 ἀναλέξασθαί
424 660 454 696 τε
465 634 534 694 αὑτά
543 635 681 695 ἐπίσταιτο
690 635 737 696 καλ
747 636 893 706 ἀναπλέξαι
901 636 947 696 καῖ
990 644 1046 707 quis
1059 650 1085 693 et
1095 648 1193 694 nectere
1204 648 1229 694 et
1239 646 1394 710 oonoinnare,
1404 660 1434 698 ue
1447 648 1507 699 alter
1520 649 1551 699 ab
1567 649 1641 700 altero
1652 650 1776 703 dissideat

160 727 291 809 ἁρμόσαι,
313 732 348 794 ὡς
374 724 411 803 μή
435 725 545 805 ἀπᾴδειν
568 723 676 806 θάτερον
698 723 817 805 θατέρου.
868 720 946 785 'Eoo’
989 736 1064 781 lisine
1072 732 1408 795 igiturquibisbonisrestris
1416 737 1544 786 ususmale
1560 737 1735 791 audealdioere
1744 741 1777 791 vi·

160 815 230 884 ὅστις
243 808 288 875 σύν
304 822 389 875 ταῦτα
400 804 430 873 εὖ
442 810 578 879 πεπονθὼς
590 814 654 894 παρ’
671 816 745 891 ὑμῶν
761 816 847 880 κακῶς
859 812 891 872 ἀν
910 815 947 872 εἰ·
989 820 1024 869 n's
1033 819 1094 869 bene
1104 820 1136 869 de
1144 833 1170 869 se
1181 821 1287 883 meritis,
1299 834 1314 871 s
1324 823 1413 885 quibus
1422 822 1473 885 iam
1481 824 1527 875 boo
1540 825 1626 887 babel,
1635 831 1661 876 ul
1673 841 1726 878 esse
1736 828 1778 878 ali·

159 908 219 963 πεῖν
241 902 431 986 ἐπιχειρήσειεν
446 900 581 982 εὐεργέτας
595 900 703 981 ἀνδρας,
724 900 768 983 ἀρ’
784 893 821 960 ὧν
836 901 888 974 ήδη
909 925 948 969 τις
990 906 1234 970 quisrideaturlnisl
1246 908 1501 974 ioneeositingeuio,
1511 914 1777 979 quoThamyrisquon·

160 982 227 1050 εἶναι
243 988 345 1063 {heim
358 989 433 1056 ἐκτὸς
443 991 466 1047 εί
485 987 603 1066 μὴκατὰ
619 987 664 1047 τδν
674 988 825 1070 Θάμυρινῆ
837 989 881 1048 τὸν
893 988 947 1050 El·
990 996 1047 1045 dam
1056 1000 1098 1045 aut
1109 998 1216 1059 Eurytus
1224 1032 1231 1052 .
1240 1000 1268 1047 ut
1279 998 1373 1047 ooomat
1387 999 1447 1061 ipsis
1458 1002 1549 1061 Musis,
1561 1002 1779 1065 aquibusoaneudi

161 1102 235 1160 ρυτον
250 1078 291 1149 είη
307 1078 356 1149 τήν
375 1076 462 1160 ρύσιν,
477 1081 512 1143 ὣς
525 1081 583 1143 ταῖς
596 1076 716 1145 Μούσαις
737 1077 866 1159 ἀντᾴδειν,
885 1077 948 1159 παρ’
990 1088 1067 1133 artem
1075 1086 1320 1147 aooeperit,eutoum
1330 1086 1781 1152 Apolhneeontendal,jaoulariausus

160 1161 197 1227 ὧν
211 1167 313 1249 εἰλήφει
323 1166 372 1239 τήν
385 1164 466 1248 ᾠδήν,
480 1164 499 1237 ἢ
513 1169 551 1247 τῷ
565 1164 714 1225 Ἀπόλλωνι
726 1166 861 1246 ἐριδαίνειν
874 1168 948 1223 ἐναν-
990 1176 1073 1220 contra
1083 1173 1163 1235 ipsum
1171 1173 1276 1223 muneris
1286 1173 1390 1234 buiusel
1400 1174 1459 1225 artis
1470 1176 1597 1239 sugillandi
1607 1178 1724 1229 debelrem.

160 1256 204 1316 τία
219 1254 340 1328 τοξεύων,
351 1255 398 1314 καὶ
409 1260 494 1313 ταῦτα
509 1254 598 1363 δοτῆρι
612 1253 666 1311 ὄντι
679 1258 726 1325 τῆς
737 1252 847 1325 τοξικῆς.

200 1356 228 1404 7·
250 1346 367 1405 ΠΛΑΤ·
389 1346 475 1403 T⁰5io
491 1339 553 1418 μὲν,
567 1366 590 1400 ω
600 1343 721 1420 niveis,
738 1340 807 1401 κατὰ
826 1341 885 1409 τοὺς
898 1340 949 1423 ῥή-
1023 1368 1046 1413 7.
1064 1365 1152 1413 ΡὺΑΤ.
1170 1365 1220 1413 ista
1231 1363 1343 1427 quidem,
1353 1364 1389 1414 vir
1399 1365 1482 1427 lorlis,
1494 1380 1525 1416 en
1537 1369 1660 1418 rhetomm
1670 1370 1721 1419 arte
1733 1370 1774 1420 de·

160 1453 238 1512 τνραι
247 1429 351 1514 εἴρηταί
361 1453 411 1489 ⁶0²·
436 1427 623 1488 ἕναντῑῶτατῡν
635 1436 697 1510 γοῦν
710 1429 765 1489 ἔστί
783 1452 825 1489 ⁶0¹
834 1433 873 1512 τῷ
883 1428 948 1512 πρά·
992 1449 1100 1499 clamasti
1114 1464 1121 1498 ι
1134 1452 1311 1502 maximeeuim
1328 1452 1401 1503 rebus
1418 1454 1477 1516 ipsis
1495 1458 1694 1519 summumne,
1709 1463 1734 1508 et
1749 1471 1779 1508 eo

160 1542 243 1598 γματῑ
254 1519 300 1578 καῖ
309 1517 498 1600 χαλεπωτέραν
512 1540 559 1576 σου
573 1516 731 1577 ἐπιδείκνυσι
745 1517 911 1595 τήντύλγῌν,
925 1521 949 1576 τί
993 1538 1193 1601 importuniorem
1206 1539 1338 1590 ostendunt
1351 1540 1475 1591 audaciam
1490 1542 1572 1603 tuam,
1586 1544 1779 1607 qumdoquidffl

160 1630 191 1685 γε
203 1631 237 1688 τη
252 1606 342 1689 ἀδικίηι
355 1606 402 1666 καί
416 1605 560 1687 ἀχαριστία
578 1604 731 1686 πρόσεστιν,
744 1603 773 1672 ὃς
788 1606 852 1685 παρ’
871 1607 949 1683 ἡμῶν
993 1625 1088 1687 iniurias
1100 1626 1157 1676 huie
1167 1627 1274 1689 ingratus
1288 1628 1360 1677 etism
1370 1628 1467 1679 animus
1478 1629 1571 1680 aceedit
1579 1666 1586 1692 ,
1598 1632 1640 1695 qui
1652 1633 1780 1697 aooeptisa

160 1692 195 1753 τὰ
212 1692 375 1772 τοξεύματα,
393 1696 428 1761 ὣς
448 1690 511 1774 iit,
531 1690 622 1751 λαθὼν
640 1692 699 1751 καθ’
716 1696 793 1769 ἡμῶν
821 1689 948 1764 &staltis
993 1714 1076 1775 nobis,
1088 1713 1153 1776 quod
1163 1714 1328 1777 latere‚telis,
1339 1717 1602 1780 ronlranosjmulalus
1614 1718 1662 1780 sis,
1674 1720 1720 1769 boo
1732 1734 1780 1771 uno

161 1780 207 1841 im
223 1787 315 1841 τοῦτον
327 1780 484 1860 ὑποθέμενος
495 1781 539 1839 τὸν
552 1781 661 1853 σκοπὸν,
671 1780 791 1847 ἅπαντας
801 1784 872 1857 ἡμᾶς
885 1783 949 1859 ἆγο-
993 1802 1036 1851 tibi
1052 1815 1126 1866 sooqo
1138 1803 1278 1867 proposito,
1289 1802 1320 1853 de
1339 1804 1452 1853 omnibus
1465 1804 1536 1855 nobis
1552 1806 1614 1855 mule
1629 1806 1665 1855 uti
1680 1807 1780 1857 dioeres.

163 1868 246 1952 ρεῦεῑν
260 1873 357 1939 κακῶς·
372 1875 481 1929 illim
495 1868 572 1951 παρὰ
586 1876 633 1929 ῦθῧ
645 1868 829 1951 &hildilam
843 1871 899 1927 ἀνθ’
913 1860 949 1927 ὧν
993 1892 1050 1939 iheu
1061 1904 1075 1939 a
1086 1894 1109 1941 lu
1122 1892 1224 1955 prmmie
1237 1891 1368 1952 habemus,
1378 1892 1442 1955 quod
1455 1897 1537 1957 aperto
1553 1894 1598 1943 tibi
1608 1894 1649 1945 illo
1661 1900 1729 1957 prato
1738 1908 1780 1945 no·

162 1983 204 2018 σοι
218 1958 262 2018 τὸν
278 1961 396 2037 λειμῶνα
411 1961 508 2017 ἐκεῖνον
525 1956 738 2023 ἀναπετάσαντες
751 1959 799 2015 οὐκ
812 1956 950 2016 ἔκωλύσα-
994 1984 1058 2041 5110,
1069 1992 1117 2029 ῃςῃ
1137 1980 1305 2044 prohibuimus
1315 1980 1442 2043 quominus
1462 1985 1580 2043 meteres,
1597 1986 1622 2033 er
1641 1983 1712 2047 pleno
1725 1984 1780 2033 sinu

163 2071 212 2123 μεν
224 2045 367 2129 δρέπεσθαι
379 2045 425 2107 καῖ
435 2046 465 2105 τὸ
478 2045 637 2127 προκολπιον
647 2044 852 2122 ἐμπλησάμενον
864 2047 950 2103 ἀπελ-
993 2066 1080 2117 abires,
1114 2067 1244 2131 laquem
1257 2068 1499 2132 pfopqerjpgumhm
1509 2071 1570 2120 mosi
1582 2069 1759 2133 diffluum

162 2140 225 2193 θεῖν·
240 2132 309 2195 ὥστε
324 2134 369 2195 διά
383 2158 412 2213 γε
426 2140 503 2195 τοῦτο
515 2133 633 2211 μάλιστα
648 2132 746 2202 δίκαιος
759 2131 791 2191 ἀν
808 2132 864 2206 εῖης
880 2136 950 2193 ἀπο-

162 2226 259 2284 θανεῖν.
1735 2254 1739 2261 ·

204 2322 233 2371 8.
256 2313 370 2371 nolli.
393 2309 506 2389 Ὁρᾶτε,
520 2308 585 2391 πρὸς
598 2306 679 2389 ἀργὴν
693 2308 802 2367 ἀκούετε
816 2307 862 2368 καί
876 2305 949 2367 οὐδὲν
1025 2322 1047 2368 8.
1064 2320 1135 2369 hUc.
1152 2318 1292 2371 Videtisne?
1309 2330 1367 2370 oum
1380 2318 1416 2370 ire
1431 2318 1584 2384 summittis,
1597 2334 1677 2385 neque
1687 2323 1781 2386 justum

162 2401 215 2457 τῶν
229 2398 337 2457 δικαίων
351 2398 500 2479 προσίεσθε.
516 2397 612 2459 Καίτοι
626 2400 674 2455 οὐκ
692 2395 724 2455 ἀν
738 2395 826 2478 ᾠήθην
840 2395 903 2455 ποτὲ
915 2399 951 2463 ὡς
993 2408 1124 2471 quidquam
1132 2408 1420 2474 admittitis:quauquam
1428 2423 1476 2460 non
1485 2411 1600 2474 putabam
1612 2411 1663 2461 lieri
1671 2424 1779 2475 unquam

163 2486 229 2569 ἀργή
251 2486 395 2554 Πλάτωνος
408 2486 426 2559 ἢ
441 2485 597 2566 Χρυσίππου
615 2482 633 2555 ἢ
653 2484 846 2566 Ἀριστοτελους
863 2483 881 2556 ἢ
898 2488 950 2543 τῶν
995 2508 1079 2557 posse,
1094 2501 1122 2545 ul
1136 2495 1168 2544 ed
1184 2496 1321 2557 Platonem,
1334 2496 1366 2546 ad
1384 2498 1547 2561 chrysippum
1567 2503 1610 2548 eut
1626 2499 1779 2550 Aristotelem

164 2574 252 2634 ἄλλων
267 2578 340 2634 ὑμῶν
354 2573 488 2634 καθίκοιτο
502 2574 544 2646 ἀν,
559 2573 628 2632 ἀλλά
644 2597 688 2651 μοι
702 2574 813 2633 ἐδοκεῖτε
829 2572 903 2651 μόνοι
917 2571 950 2644 δή
994 2586 1037 2633 aut
1051 2583 1083 2633 ad
1093 2584 1165 2634 alium
1177 2596 1313 2647 quenquam
1326 2588 1432 2635 restrum
1443 2586 1479 2635 ira
1490 2586 1628 2649 perveniam
1640 2600 1725 2637 rerum
1735 2588 1780 2637 soli

164 2634 333 2745 adopertione
347 2668 392 2722 τοῦ
410 2663 539 2721 τοιούτου.
563 2660 640 2734 Πλὴν
653 2660 722 2720 ἀλλά
735 2661 773 2738 μή
785 2660 890 2743 ἄκριτόν
904 2684 950 2739 γι,
995 2684 1039 2719 sos
1050 2671 1081 2721 ab
1092 2671 1212 2734 ejusmodi
1226 2672 1297 2721 rebus
1309 2672 1455 2723 videbamini
1471 2686 1526 2723 esse
1537 2674 1700 2725 remotissimi.
1734 2675 1782 2726 Sed

163 2740 186 2810 ἀι
201 2750 358 2826 θαυμάσιοι,
373 2748 440 2827 μηδὲ
455 2748 507 2830 πρὸ
522 2749 595 2820 δίκης
610 2747 784 2820 ἀποκτείνητέ
798 2772 841 2827 με·
856 2749 949 2827 ὑμίτε-
994 2758 1111 2822 quidquid
1123 2763 1173 2822 est,
1183 2764 1248 2810 corle
1257 2774 1305 2810 non
1316 2760 1495 2821 indemnatum,
1509 2762 1553 2812 riri
1564 2762 1728 2824 admirabiles,
1738 2776 1783 2813 ueo

166 2862 209 2920 ρον
220 2844 282 2916 γοῦν
293 2838 339 2897 καὶ
351 2843 429 2896 τοῦτο
440 2829 481 2908 ἦν,
498 2835 535 2914 μή
552 2836 597 2917 βία
610 2837 677 2914 μηδὲ
690 2835 802 2896 κατὰτὸ
814 2837 951 2915 ῖοχυρύτε-
995 2848 1175 2909 antejmlloium
1188 2861 1226 2897 me
1238 2848 1382 2899 oeciderilis.
1406 2852 1529 2900 ¹Vestrum
1546 2850 1609 2899 euim
1622 2851 1668 2900 hoo
1687 2864 1784 2913 quoque

166 2951 209 3008 ρον
215 2926 413 2997 πολιτεύεσθαι,
422 2925 482 3003 δίκη
497 2925 525 2983 δὲ
537 2925 572 2983 rh
581 2922 693 3005 διάρορα
704 2924 856 2985 διαλύεσθαι
866 2924 950 2983 διδόν·
995 2940 1061 2997 erat,
1081 2950 1129 2986 non
1147 2936 1185 2998 vl,
1205 2948 1250 2986 neo
1266 2940 1340 3000 proiit
1354 2937 1409 3000 quis
1420 2938 1541 2987 mbustior
1560 2942 1610 3000 est,
1625 2950 1676 2988 rem
1688 2952 1782 3001 gerere,

164 3038 212 3083 τας
225 3013 301 3094 λόγον
316 3014 362 3073 καί
374 3011 530 3092 δεχομένους
542 3014 568 3070 ἐν
578 3015 616 3092 τῷ
629 3011 711 3093 μέρει.
722 3010 811 3072 Ὥστε
824 3009 951 3083 δικαστὴν
996 3024 1096 3085 sediure
1103 3024 1157 3073 lites
1168 3023 1374 3085 dirinri,reddills
1381 3024 1485 3075 inuicem
1491 3025 1628 3087 auditisque
1636 3026 1783 3078 rationibus.

165 3102 284 3180 ίλόμενοι
310 3100 509 3183 κατηγορήσατε
531 3098 578 3178 μὲν
599 3100 671 3177 ὑμεῖς
693 3098 710 3171 ἣ
733 3099 790 3177 ἅμα
819 3098 951 3171 πάντεςῆ
997 3115 1079 3173 ltaque
1087 3110 1169 3174 judice
1178 3117 1249 3175 eapte
1259 3117 1369 3162 asousate
1383 3117 1529 3162 merosaut
1545 3113 1724 3176 simulomnes,
1740 3118 1784 3163 aut

165 3190 252 3250 ὅντινα
268 3191 299 3250 ἀν
312 3189 514 3272 χειροτονήσητε
526 3187 593 3269 ὑπὲρ
606 3186 740 3257 ἀπάντων,
752 3184 804 3265 ἐγὼ
816 3185 844 3245 δὲ
855 3188 953 3246 ἀπολο-
996 3212 1174 3263 quemeumque
1185 3213 1228 3263 pro
1241 3199 1361 3250 universis
1371 3200 1492 3251 dicturum
1507 3202 1629 3263 suffragiis
1638 3202 1727 3253 vestris
1737 3202 1789 3253 ele*

164 3279 282 3357 γήσομαι
295 3278 359 3361 πρὸς
372 3278 406 3337 nd
420 3278 590 3357 ἐγκλήματα,
605 3275 651 3335 καὶ
669 3273 701 3346 ἣν
715 3274 762 3353 μὲν
777 3276 874 3333 ἀδικῶν
888 3273 950 3355 ραί-
996 3284 1077 3346 geritis
1091 3298 1151 3346 :ego
1158 3296 1216 3335 vero
1222 3284 1364 3336 criminibus
1371 3286 1531 3350 respondebo.
1565 3288 1590 3337 Si
1603 3287 1690 3337 deiude
1701 3292 1785 3351 pareat

165 3393 253 3445 νωμαι
263 3367 309 3427 καὶ
320 3373 396 3426 τοῦτο
408 3367 468 3447 περὶ
481 3369 544 3443 ἐμοῦ
561 3368 616 3445 γνῷ
629 3364 659 3423 τὸ
677 3362 853 3443 δικαστήριον,
869 3362 953 3444 ὑρεἜω
997 3383 1035 3421 nne
1047 3372 1132 3422 iecisse
1144 3372 1269 3435 injuriam,
1278 3373 1350 3436 idque
1362 3376 1392 3424 de
1403 3387 1443 3424 ure
1455 3376 1566 3424 statuerit
1574 3375 1707 3438 judicium,
1716 3378 1785 3426 susti·

166 3446 268 3529 δηλαδή
278 3454 326 3528 τήν
333 3454 417 3524 ἀξίαν·
430 3459 504 3533 ὑμεῖς
513 3454 541 3514 δὲ
554 3453 639 3534 βίαιον
650 3451 725 3512 οὐδὲν
734 3450 887 3528 τολμήσετε.
899 3450 953 3511 Ἦν
996 3459 1059 3509 nebo
1072 3460 1186 3509 nimirum
1195 3460 1286 3522 iustam
1298 3472 1407 3524 punam
1417 3474 1526 3512 rosrero
1538 3462 1597 3512 nihil
1605 3476 1648 3525 per
1660 3462 1785 3515 vimaude·

167 3544 195 3607 δὲ
207 3544 255 3613 τάς
267 3542 374 3612 εὐθύνας
387 3542 512 3622 ὑποσχὼν
522 3539 636 3623 καθαρὸς
647 3541 709 3619 ὑμῖν
721 3538 768 3598 καί
778 3539 953 3611 ἀνεπίληπτος
998 3547 1062 3597 bilis.
1075 3548 1099 3598 si
1109 3560 1180 3609 vero,
1188 3548 1323 3611 oognitioue
1331 3548 1405 3609 laeta,
1414 3563 1490 3613 prauus
1498 3550 1569 3600 vobis
1577 3554 1695 3613 elexpers
1704 3565 1785 3614 repro·

167 3634 342 3715 εὑρίοκωμαι,
353 3631 483 3712 ἀρήσουσί
493 3654 526 3708 με
537 3635 560 3689 ol
573 3628 712 3701 δικασταὶ,
724 3632 799 3706 ὑμεῖς
818 3626 846 3686 δὲ
858 3630 884 3695 ἐς
894 3627 953 3695 τοὺς
998 3635 1119 3685 hensionis
1132 3635 1247 3698 inveniar,
1260 3636 1385 3686 absolvent
1397 3649 1436 3687 me
1447 3637 1537 3687 soilioel
1547 3637 1658 3701 judices,
1670 3652 1714 3688 vos
1727 3652 1786 3689 vero

167 3721 386 3793 ἐξαπατήσαντας
399 3724 468 3798 ὑμᾶς
482 3718 526 3778 καῖ
540 3716 737 3801 παροξύναντας
746 3716 804 3776 καθ’
818 3720 895 3793 ἡμῶν
905 3715 954 3789 τὴν
998 3721 1054 3771 inde
1064 3722 1088 3770 in
1098 3734 1139 3773 eus
1151 3721 1211 3770 iram
1221 3721 1322 3783 vertile,
1335 3720 1377 3785 qui
1393 3722 1544 3785 deceperunt
1558 3733 1601 3772 ros
1611 3727 1635 3772 el
1650 3728 1733 3773 contra
1742 3736 1786 3773 uos

168 3809 248 3893 ὀργήν
263 3809 385 3890 τρέψατε.
998 3810 1136 3858 incitarunt.

211 3908 239 3958 9.
260 3900 376 3956 ilhn'i.
398 3896 479 3955 Τοῦτ’
494 3894 591 3966 ἐκεῖνο,
606 3894 632 3962 ἐς
650 3891 740 3952 πεδίον
757 3891 801 3951 τὸν
815 3890 905 3964 ἵππον,
920 3893 955 3959 ὡς
989 3900 992 3907 “
1029 3902 1052 3947 θ.
1069 3898 1157 3946 PLAT.
1177 3898 1229 3946 lioe
1239 3909 1298 3947 vero
1309 3894 1465 3960 illadluerit,
1477 3900 1575 3961 Equum
1590 3896 1748 3960 inmmpum.
1759 3904 1787 3948 ul

129 4047 133 4055 .
169 3983 424 4067 παρακρουσάμενος
442 3981 501 4050 τοὺς
523 3980 648 4049 δικαστὰς
666 3980 795 4059 ἀπέλθῃς·
816 3980 881 4061 ρασῖ
893 3984 954 4057 γοῦν
1000 3989 1025 4032 tu
1043 3983 1154 4045 impulsis
1172 3983 1196 4033 in
1212 3982 1323 4033 iruudem
1337 3983 1460 4046 judicibus
1478 3984 1556 4034 abeas.
1588 3984 1662 4034 Aiunt
1680 3985 1744 4035 enlm
1764 3989 1788 4036 le

170 4072 268 4155 ῥήτορά
286 4095 317 4132 σε
338 4071 385 4132 καὶ
399 4068 531 4129 δικανικόν
545 4093 604 4129 τινα
623 4060 750 4127 εἶναικαὶ
767 4073 914 4147 πανοῦργον
928 4068 955 4125 ἐν
999 4070 1118 4119 rhetorem
1127 4082 1181 4120 esse
1189 4073 1215 4119 et
1221 4068 1370 4119 causidicum
1381 4072 1407 4119 et
1416 4074 1543 4119 versutum
1552 4070 1577 4119 in
1586 4070 1786 4122 dioendouetera·

169 4165 223 4229 τοῖς
239 4161 335 4239 λύγοις.
357 4158 426 4219 Τίνα
443 4155 471 4216 δὲ
490 4157 536 4215 καίΙ
561 4154 687 4226 δικαστήν
706 4154 801 4221 ἐθέλεις
821 4154 955 4233 γενέσθαι,
998 4161 1084 4207 torem.
1117 4156 1380 4219 Quomverojudioem
1393 4157 1432 4206 ris
1445 4156 1511 4218 lieri,
1525 4164 1787 4220 quemtunonmune·

170 4248 257 4308 ὅντινα
272 4247 309 4326 μή
330 4246 362 4306 σὺ
381 4243 565 4327 δωροδοκήσας
578 4236 620 4312 οἶα
639 4242 725 4302 πολλὰ
746 4244 857 4317 ποιεῖτε,
877 4244 955 4301 ἄδικα
1000 4246 1217 4307 ribusooruuptum
1229 4244 1355 4307 (ejusmodi
1368 4245 1432 4293 euim
1446 4246 1521 4295 multa
1536 4245 1748 4311 laoilisliuduoue,
1759 4252 1788 4297 ut

169 4338 267 4403 πείσεις
277 4334 341 4420 ὑπὲρ
354 4340 400 4393 τοῦ
415 4331 597 4416 ψηρίσασθαις
999 4332 1087 4395 injuste
1099 4332 1232 4383 seeundum
1244 4335 1267 4381 le
1278 4332 1338 4382 ierat
1344 4334 1504 4384 seutentiam?

210 4427 325 4486 ΛΟΥΚ.
347 4425 478 4504 Θαρρεῖτε
498 4420 592 4480 τούτου
605 4444 636 4496 γε
657 4417 743 4477 ἕνεκα·
765 4416 857 4477 οὐθίνα
876 4424 958 4477 τοιοῖ-
1031 4423 1100 4471 Luc.
1119 4424 1170 4471 liae
1179 4420 1277 4483 quidem
1291 4434 1348 4471 euru
1364 4434 1409 4471 ros
1419 4420 1494 4471 libero
1508 4436 1514 4470 ι
1527 4426 1667 4486 suspectum
1677 4422 1702 4472 id
1712 4436 1788 4485 genus

170 4536 215 4573 τον
224 4510 361 4583 διαιτητήν
370 4510 485 4569 ὕποπτον
501 4508 517 4580 ἢ
529 4506 675 4590 ἀμφίθολον
686 4504 825 4584 ἀξιώσαιμ’
838 4505 870 4564 ἀν
882 4505 955 4585 γενέ-
998 4508 1118 4570 iudicem,
1129 4514 1171 4559 aut
1180 4508 1335 4571 ambiguum,
1347 4508 1437 4573 quique
1449 4509 1569 4559 caleulum
1578 4510 1639 4561 mibi
1650 4524 1723 4563 suum
1730 4524 1788 4563 reu-

171 4606 233 4661 σθαι
242 4600 289 4660 καὶ
297 4600 368 4667 ὅστις
377 4597 545 4659 ἀποδώσεταί
556 4620 601 4675 μοι
609 4595 658 4668 τὴν
667 4600 764 4676 ψῆφον.
777 4594 875 4675 Ὁρᾶτε
884 4602 957 4673 γοῦν,
1001 4596 1058 4658 dat,
1068 4608 1120 4647 esse
1131 4596 1204 4646 relim
1215 4596 1346 4647 neminem.
1378 4596 1465 4647 Videte
1474 4598 1553 4661 emm,
1568 4598 1646 4663 ipsam
1660 4599 1786 4650 vobiscum

171 4688 220 4760 τήν
231 4686 397 4771 Φιλοσοφίαν
410 4686 493 4759 αιἰιήν
508 4684 564 4764 μεθ’
579 4688 652 4763 ὑμῶν
666 4682 818 4764 δικάστριαν
830 4688 957 4760 ποιοῦμαι
1001 4686 1179 4749 Philosophiam
1190 4684 1297 4747 judioem
1306 4686 1376 4736 robis
1389 4686 1439 4749 ipse
1451 4684 1511 4735 lero.

173 4775 328 4926 ‘iffi-st
350 4862 405 4925 hal
420 4861 460 4929 τίς
472 4859 505 4920 ἀν
518 4859 731 4942 κατηγορήσειεν,
747 4858 772 4918 εί
783 4880 814 4936 γε
825 4860 902 4934 ἡμεῖς
916 4858 958 4915 δι-
1021 4833 1120 4912 ihil.
1139 4860 1200 4921 Quis
1211 4862 1284 4925 igitur
1292 4862 1402 4925 accuset,
1416 4860 1537 4925 siquidem
1553 4874 1598 4911 nos
1607 4860 1737 4923 iudicaturi
1749 4876 1787 4912 su·

296 4976 303 4987 .
1063 4952 1073 4985 β
1778 4952 1786 4959 ”

174 4949 330 5099 κάσλοῧεῖίί.
352 5040 389 5098 ol
404 5036 478 5097 αὑτοὶ
498 5036 668 5118 κατηγορεῖτε
683 5035 728 5095 καί
743 5032 868 5102 δικάζετε·
885 5032 959 5091 οὑδίν
1003 4963 1102 5088 ωιίῗῐίθ.
1118 5040 1169 5087 Vos
1178 5036 1250 5087 iidem
1260 5039 1285 5087 et
1293 5034 1558 5097 amussleetiudlcule.
1591 5036 1787 5099 iiehooquidem

176 5124 235 5184 alti
247 5131 324 5185 τοῖντο
335 5123 419 5185 δίδια·
429 5130 552 5185 τοσοῦτον
570 5123 707 5205 ὑπερφέρω
720 5125 774 5189 τοῖς
787 5118 896 5187 δικαίοις
913 5121 960 5180 καί
1002 5130 1084 5177 metuo
1097 5140 1103 5173 :
1117 5128 1209 5175 lantum
1219 5124 1314 5186 justitia
1325 5137 1405 5175 causas
1415 5136 1515 5187 supero,
1526 5124 1552 5177 et
1561 5136 1592 5174 ex
1601 5124 1733 5175 abundanti
1744 5137 1788 5187 pro

177 5214 208 5271 ίκ
216 5213 366 5295 περιουσίας
377 5211 593 5291 ἀπολογήσασθαι
605 5209 797 5288 ὑπολαμὺάνω.
1002 5228 1041 5267 me
1051 5214 1172 5265 dicturum
1183 5210 1287 5263 conlido.
