3825 5909
188 441 241 492 llil
483 431 589 490 xvll.
616 431 715 490 lieri
740 430 831 490 ΤΩΝ
856 431 931 490 ΕΠΙ
956 429 1100 514 aliaeu
1126 429 1372 517 timocliam.
1400 438 1474 500 5,θ.
1639 430 1778 510 (css-scil

185 563 269 620 αὐτῶν
284 558 367 640 ἀφελη
381 563 471 630 τοῦτο,
486 559 588 639 ἄτεχνοι
603 561 697 619 αὐτίκα
711 560 756 620 καὶ
770 558 845 640 ἀργοὶ
856 558 901 619 κοιλ
913 581 961 618 πε·
980 569 985 676 γ
1003 570 1092 618 inertes
1109 572 1178 628 sunt,
1194 567 1277 628 ulmei,
1295 565 1415 630 superflui.
1447 569 1529 628 licque
1544 565 1615 628 igitur
1631 567 1727 630 indigna
1741 569 1782 620 lala

185 645 266 727 ριττοί
280 650 353 706 εἰσιν.
394 643 478 706 Οὐδέν
487 638 530 704 οὑν
545 646 598 706 οὔτ’
610 648 683 706 αὐτοὶ
696 647 777 706 δεινὸν
792 647 918 726 πάσχοιεν
928 645 960 704 δν
1004 655 1123 716 accidere,
1134 669 1211 718 neque
1220 655 1273 704 illos
1283 654 1370 704 alteros
1378 653 1623 704 contumeliososesse
1634 657 1782 718 putaverim,

184 732 238 793 οὔτ’
246 736 338 794 ἐκεῖνοι
352 733 472 813 θὺρισταλ
482 735 579 793 δοκοῖεν
591 737 616 802 ές
626 734 674 806 τὴν
682 733 777 812 ἀμίδα,
790 734 878 816 φασίν,
890 736 956 792 ἀνου-
1005 742 1025 790 al
1041 741 1065 790 in
1082 742 1211 803 matulam,
1226 741 1291 804 qood
1305 742 1384 801 aiunt,
1396 741 1536 803 immingant
1547 755 1555 789 t
1566 741 1638 802 huius
1649 743 1713 792 enlm
1726 756 1779 793 oon

186 827 296 903 ρόῦντες·
309 821 351 880 iel
363 821 414 902 γάρ
427 843 468 880 τοι
480 819 527 892 τλν
540 821 614 903 ὑόριν
624 820 722 894 ταύτην
732 821 758 890 έξ
770 825 853 902 ἀρχῆς
861 819 961 902 παρέρ-
1005 829 1110 879 ῑυιιοεύιε
1119 843 1190 878 ceusu
1198 841 1213 878 a
1221 828 1427 891 principiedomos
1435 829 1475 878 isti
1488 829 1590 890 intrant,
1604 817 1656 878 hacc
1667 830 1784 893 professio

184 931 277 988 χονται
287 913 313 976 ἐς
323 906 369 975 τάς
383 907 478 978 οἰκίας,
490 909 535 966 καὶ
547 914 563 978 ἡ
576 908 656 988 τέχνη
669 908 754 989 φέρειν
769 907 814 966 καὶ
825 907 962 987 ἀνέχεσθαι
1005 915 1105 965 umnam
1122 920 1172 976 eal,
1192 915 1252 965 serre
1271 929 1327 978 quse
1343 915 1405 964 itant
1424 918 1449 965 et
1463 915 1561 978 perpeti.
1598 918 1690 966 llorum
1711 929 1785 980 vero,

185 996 219 1054 τὰ
232 996 380 1075 γιγνόμενα.
424 995 491 1075 Περὶ
505 995 532 1054 δέ
543 987 579 1054 ὧν
591 997 714 1076 προεῖπον
726 999 778 1053 τῶν
789 992 963 1071 πεπαιδευμό·
1005 1016 1066 1066 quos
1081 1003 1148 1059 dixi,
1166 1004 1314 1053 eruditorum
1329 1003 1453 1052 hominum
1468 1015 1542 1052 οσοεε
1556 1003 1672 1065 indignari
1684 1019 1784 1068 ιεηυοιι

182 1107 236 1142 νων
255 1083 324 1152 ἀξιον
344 1087 498 1161 ἀγανακτεῖν
514 1082 559 1142 καλ
577 1088 715 1164 πειρᾶσθαι
736 1083 770 1148 ιὺς
790 1081 828 1140 ίνι
847 1081 963 1159 μαλιστα
1005 1095 1057 1149 εει,
1066 1094 1091 1139 et
1099 1092 1204 1151 tentare,
1216 1091 1332 1152 quantum
1343 1090 1396 1152 ejus
1406 1094 1486 1152 potest
1496 1091 1546 1139 lieri
1552 1126 1560 1152 ,
1570 1089 1682 1140 redueme
1691 1093 1786 1156 poaaint

185 1170 308 1251 μετάγειν
322 1169 414 1237 eieci<
427 1169 473 1228 καί
483 1169 547 1250 πρδς
558 1169 703 1250 ἐλευθερίαν
717 1170 891 1252 ἀφαιρεῖσθαι.
1006 1179 1031 1225 et
1038 1175 1113 1238 cepti
1124 1175 1226 1224 (loannis
1237 1177 1288 1225 suis
1299 1175 1330 1225 ad
1341 1177 1472 1226 libmtatem
1483 1179 1597 1227 revocari.

227 1268 253 1318 5.
275 1262 351 1317 Δοκῶ
365 1256 394 1316 δέ
408 1280 451 1335 μοι
469 1259 556 1323 καλῶς
572 1255 603 1314 δν
621 1260 743 1329 ποιῆσαι,
762 1258 784 1314 εί
801 1254 848 1322 τὰς
866 1254 963 1327 αἰτίας,
1037 1269 1061 1312 5.
1078 1261 1167 1313 Videor
1178 1267 1258 1312 autem
1273 1263 1398 1313 σοιοιοοδο
1408 1263 1528 1326 lactans,
1545 1265 1566 1315 al
1581 1267 1703 1330 perpensis
1713 1271 1787 1318 antm
1900 1304 1901 1309 η

185 1345 231 1427 ἀφ’
243 1337 278 1404 ὧν
293 1345 336 1404 ἐπὶ
347 1343 391 1404 τὸν
404 1351 518 1403 τοιοῦτον
534 1344 589 1424 βίον
603 1344 769 1426 ἀφικνοῦνταί
779 1367 859 1416 τινες,
868 1341 964 1426 προεξ-
1006 1348 1098 1412 musis,
1113 1350 1201 1413 quilius
1216 1349 1247 1400 ad
1265 1351 1311 1399 lroc
1328 1351 1386 1400 νῖιοε
1401 1365 1476 1413 genus
1493 1352 1573 1402 induci
1587 1353 1685 1416 quidam
1702 1369 1729 1406 se
1744 1369 1786 1417 pa·

186 1433 281 1499 ccciccc
294 1431 405 1510 δείξαιμι
419 1434 448 1491 ού
463 1427 533 1490 πάνυ
549 1432 647 1510 βιαίους
659 1434 713 1491 οὐδ’
726 1431 878 1510 ἀναγκαίας·
895 1430 963 1488 οὑτω
1007 1435 1109 1498 liuntur,
1124 1437 1249 1487 ostendam
1263 1451 1312 1487 noa
1327 1438 1405 1488 valide
1416 1445 1528 1501 orgerrtes
1542 1453 1598 1490 csse
1612 1455 1690 1504 neque
1705 1456 1787 1492 necea·

183 1519 237 1601 γὰρ
256 1520 287 1579 δν
309 1521 429 1590 αὐτοῖςή
453 1519 581 1596 ἀπολογία
601 1523 784 1602 προαναιροῖτο
802 1518 848 1577 καί
870 1516 962 1599 πρώτη
1008 1524 1090 1580 smus·
1139 1528 1176 1574 lta
1191 1525 1256 1574 enim
1276 1525 1418 1588 paecidatur
1436 1527 1484 1576 illis
1503 1539 1576 1576 causa
1599 1541 1672 1590 quam
1692 1531 1789 1591 possint
1900 1568 1901 1585 ,

186 1606 306 1672 ὑπόθεσις
325 1611 371 1677 τῆς
385 1603 583 1672 ἐθελοδουλείας.
629 1608 665 1664 Οἱ
684 1605 732 1681 μέν
753 1603 784 1676 δὴ
803 1605 896 1664 πολλοί
914 1603 963 1676 τὴν
1007 1611 1401 1674 moere,etprlmomvoluntariae
1409 1614 1720 1677 seruitutisargumentum.
1734 1618 1787 1668 sle

186 1693 277 1752 πενίαν
290 1693 335 1752 καί
349 1693 397 1764 τὴν
410 1697 462 1750 τῶν
475 1692 623 1770 ἀναγκαίων
635 1691 726 1772 χρείαν
738 1691 890 1773 προθέμενοι
900 1695 963 1750 ίκα·
1007 1699 1075 1762 rique
1080 1699 1150 1762 rgitm
1157 1704 1348 1762 paupertatemet
1354 1701 1541 1753 necessarimm
1547 1715 1627 1753 rerum
1632 1703 1788 1766 indigentiam

186 1783 230 1839 νὺν
243 1787 319 1839 τοῦτο
332 1779 511 1860 προκάλυμμα
526 1779 622 1840 οίονται
637 1779 833 1860 προόεὺλῆσθαι
844 1784 890 1851 τῆς
900 1779 965 1860 πρὸς
1008 1786 1112 1847 mauu,
1127 1786 1187 1836 illud
1201 1791 1287 1850 putant
1304 1787 1417 1837 idonerm
1432 1788 1513 1838 velum
1529 1791 1684 1852 praetenmme
1699 1792 1737 1840 sni
1755 1792 1790 1842 aul

186 1869 231 1927 τὸν
249 1868 304 1948 βίον
315 1873 404 1925 τοῦτον
419 1864 588 1943 αὐτομολίας,
602 1865 645 1925 καλ
661 1869 780 1944 ἀποχρῆν
790 1869 876 1932 αὐτοῖς
889 1865 964 1944 νομί·
1008 1873 1070 1922 aare
1084 1873 1159 1923 vium
1177 1874 1315 1936 trmslruffi,
1329 1888 1358 1924 ac
1370 1874 1480 1925 sufficere
1496 1876 1542 1925 allai
1553 1881 1638 1939 putant
1650 1877 1671 1927 si
1682 1878 1789 1929 dixerint

173 1961 272 2025 ·ζουσιν
287 1957 309 2012 εἰ
321 1952 467 2032 λέγοιεν.ὡς
482 1952 633 2032 ξυγγνώμης
647 1953 715 2022 ἀξιον
727 1960 830 2017 πειοὺσι
841 1954 871 2012 τὸ
882 1955 963 2033 χαλε·
1008 1961 1222 2024 νευίεεεᾱίςουσι
1237 1963 1327 2023 lawe,
1339 1963 1584 2025 quimclestisslmam
1599 1979 1680 2015 rerum
1695 1965 1722 2014 ia
1737 1967 1789 2016 rita

187 2041 308 2102 νεώτατον
317 2045 368 2100 τῶν
379 2043 405 2098 ἐν
416 2043 454 2120 τῷ
465 2037 513 2121 βίῳ
522 2039 570 2111 τὴν
582 2039 673 2098 πενίαν
683 2041 815 2122 διαφυγεῖν
822 2045 964 2111 ζητοῦντες·
1008 2049 1129 2109 omnium,
1139 2050 1317 2112 paupertatem,
1326 2049 1430 2112 elingere
1438 2050 1558 2102 studeant
1591 2055 1653 2102 Tum
1663 2053 1789 2117 Theognis

188 2121 245 2189 εἶτα
259 2133 273 2189 δ
289 2127 398 2206 Θέογνις
411 2126 549 2208 πρόχειρος
559 2126 682 2185 καὶπολὺ
695 2128 740 2200 τὸ,
769 2156 773 2165 ·
1009 2136 1138 2199 inpromtu
1149 2137 1441 2199 eat,ettrequenslllucl,

373 2269 418 2321 πᾶς
430 2265 474 2356 γὰρ
483 2264 540 2329 ἀνὴρ
549 2263 616 2328 πενίῃ
628 2265 780 2328 δεδμημένος,
1118 2267 1229 2324 Qulauuls
1235 2267 1297 2312 euim
1304 2266 1355 2312 dlra
1364 2268 1400 2312 νίν·
1408 2269 1541 2325 paupertate
1548 2267 1671 2325 subactus,

189 2387 234 2448 καί
247 2385 297 2444 ὅσα
309 2383 376 2443 ἀλλα
391 2382 502 2460 δείματα
517 2381 582 2461 ὑπὲρ
595 2386 641 2451 τῆς
650 2381 740 2449 πενίας
749 2385 772 2440 οἱ
784 2381 965 2460 ἀγεννέστατοι
1009 2395 1034 2440 et
1050 2403 1208 2453 quiscumque
1227 2391 1419 2440 terriculamenta
1435 2391 1467 2442 ria
1484 2396 1624 2456 paupertate
1640 2393 1788 2454 ἰμενίεεὺοί

182 2478 240 2533 τῶν
254 2474 368 2542 ποιητῶν
382 2468 570 2548 ἐξενηνόχασιν.
612 2468 683 2544 Ἐγὼ
695 2469 716 2526 δ’
729 2467 809 2545 εἰμέν
822 2468 909 2548 έύιροεν
923 2471 966 2526 αθ·
1009 2477 1098 2539 quiquc
1112 2481 1236 2539 poetarum
1252 2478 1367 2527 extulere.
1398 2482 1450 2540 Ego
1460 2492 1518 2528 vero
1533 2479 1553 2528 ai
1569 2479 1666 2541 quidem
1680 2481 1789 2530 riderem

188 2557 247 2626 τοὺς
261 2557 344 2638 φυγήν
364 2578 422 2614 τινα
434 2560 469 2621 ιὺς
482 2557 584 2625 ἀληθῶς
600 2559 647 2625 τῆς
662 2553 752 2620 πενίας
769 2551 966 2632 εὑρισκομένους
1009 2563 1063 2612 illos
1074 2563 1154 2624 lupam
1165 2564 1269 2627 aliquam
1282 2567 1429 2628 paupertatis
1440 2579 1521 2616 revera
1537 2567 1626 2616 talibus
1637 2567 1662 2616 in
1672 2568 1791 2618 maritti-

187 2648 221 2704 έκ
229 2648 280 2704 τῶν
291 2639 414 2720 τοιούτων
427 2640 573 2712 ξυνουσιῶν,
583 2643 630 2698 οὐκ
640 2639 672 2699 ἀν
682 2639 746 2719 ὑπὲρ
755 2646 804 2713 τῆς
814 2639 881 2719 ἀγαν
892 2642 966 2699 έλευ-
1010 2648 1056 2699 δυο
1067 2650 1189 2710 insanire,
1204 2651 1320 2699 minutam
1331 2651 1442 2701 cumillis
1453 2651 1484 2701 (le
1500 2652 1573 2701 nimia
1583 2653 1691 2703 libertate
1706 2654 1789 2716 (lispu-

188 2730 276 2811 θερίσς
293 2725 517 2808 ἐμικρολογούμην
534 2725 598 2807 πρὸς
616 2725 717 2794 αύτούς·
732 2727 790 2785 ἐπεὶ
807 2727 834 2785 δὲ
852 2761 891 2772 -·
907 2732 966 2795 ὑιςὺ
1010 2737 1122 2787 tationem
1131 2750 1178 2786 uoa
1188 2737 1329 2799 acciperem.
1354 2742 1385 2788 Al
1395 2738 1520 2801 quonum,
1528 2741 1692 2802 uepreuom
1699 2741 1790 2792 alicubi

183 2816 268 2883 ,καλός
281 2839 330 2874 που
351 2812 438 2896 ῥήτωρ
456 2813 505 2894 ἔφη
521 2847 561 2858 -
577 2817 630 2880 τοῖς
647 2817 698 2872 τῶν
716 2813 859 2874 νοσούντων
875 2813 967 2882 σιτίοις
1009 2827 1089 2873 orator
1103 2824 1150 2885 ait,
1167 2824 1227 2874 cibis
1246 2829 1390 2888 egrotorum
1412 2826 1500 2874 unalia
1517 2826 1649 2889 aodpiunt,
1667 2828 1791 2890 quomodo

190 2903 292 2966 ἐοικότα
305 2899 483 2978 λαμάάνουσι,
495 2899 533 2967 τίς
545 2897 583 2958 ῖτι
595 2899 702 2978 μηχανὴ
720 2899 757 2978 μὴ
770 2901 829 2980 ούχί
845 2903 890 2960 καί
901 2903 966 2984 πρὸς
1009 2910 1113 2961 etlicient
1125 2914 1153 2960 ut
1165 2924 1214 2960 non
1226 2917 1252 2961 et
1264 2911 1310 2960 liae
1319 2916 1387 2974 parte
1396 2913 1457 2962 male
1471 2913 1516 2962 u'lrl
1529 2913 1678 2964 consuluisse
1692 2914 1790 2966 videan-

189 2999 267 3051 τοὺτο
279 2992 368 3055 κακῶς
380 2986 565 3066 βεὺουλεὺσθαι
580 2988 664 3046 δοκεῖν
679 2985 771 3054 αὑτοθς
784 2987 825 3046 ἀεὶ
839 2989 967 3066 μενούσης
1009 3002 1059 3060 tar,
1074 2997 1159 3048 eodem
1176 2999 1224 3048 illis
1241 2999 1299 3048 vite
1311 3004 1392 3049 tenme
1410 3012 1505 3062 semper
1519 3004 1645 3050 manente?
1656 3005 1790 3064 Paupertas

191 3079 282 3157 δμοίας
294 3078 380 3142 αὑτοῖς
391 3079 436 3146 τῆς
448 3071 591 3140 ὑποθέσεως
606 3078 652 3132 τοῦ
672 3073 743 3152 βίους
758 3073 835 3132 πενία
848 3075 900 3156 γάρ
912 3079 967 3134 είσ-
1009 3086 1788 3150 εοὶιοεευιμετθίοοοοοιίιεευτ,ειείυειεεειφειοοοεεεεδιὺεοι,

191 3167 233 3225 αεὶ
251 3164 296 3224 καὶ
313 3163 343 3222 τδ
363 3159 508 3240 λαμὺάνειν
529 3162 669 3237 ἀναγκαῖον
688 3161 732 3219 καί
754 3160 878 3221 ἀπόθετον
894 3163 967 3222 οὐδέν
1010 3173 1069 3222 nihil
1084 3177 1121 3222 est
1132 3172 1322 3236 quodreponant
1343 3177 1386 3222 aut
1396 3177 1510 3235 tanquam
1522 3174 1670 3236 capernaum
1684 3176 1710 3226 iu
1725 3190 1787 3239 prm-

190 3251 249 3312 οάδὲ
267 3249 385 3332 περιττὸν
399 3251 425 3316 ές
442 3245 570 3330 φυλακὴν,
590 3245 659 3306 ἀλλά
676 3246 706 3306 τὸ
724 3245 805 3321 δοθὲν,
822 3247 871 3308 κάν
890 3251 966 3332 δοθῇ,
1010 3259 1087 3308 acutia
1101 3259 1251 3320 cusmdiant3
1269 3259 1313 3310 sed
1329 3259 1394 3322 quud
1412 3259 1490 3319 datm,
1507 3260 1528 3309 ai
1543 3260 1603 3323 quid
1617 3260 1696 3324 detur,
1712 3263 1733 3312 sl
1749 3264 1789 3313 vel

188 3337 241 3399 κάν
255 3337 353 3418 ἀθρόως
364 3338 450 3418 ληφθῇ
458 3380 466 3407 ,
474 3343 527 3392 πᾶν
537 3334 650 3416 ἀκριόῶς
661 3334 706 3394 καί
716 3340 763 3407 ιη”ς
774 3359 794 3415 χ
796 3335 865 3416 ρεθις
876 3339 967 3406 ἐνδεῶς
1010 3346 1093 3396 crebro
1103 3347 1243 3408 accipiatur,
1253 3346 1285 3396 ad
1292 3359 1372 3396 assem
1379 3359 1451 3398 omae
1462 3351 1487 3398 et
1495 3347 1521 3396 in
1531 3353 1673 3410 presentem
1687 3351 1789 3399 noceam·

191 3423 423 3486 ιιαταναλίσκεται.
465 3425 561 3488 Καλῶς
580 3421 608 3480 δέ
630 3413 685 3501 εἶχε
706 3421 742 3499 μὴ
758 3423 879 3491 τοιαύτας
897 3425 967 3494 τινὰς
1011 3437 1084 3482 tatem
1106 3433 1172 3483 lusui
1195 3433 1316 3484 sufficiens
1333 3433 1487 3496 impenditur.
1529 3437 1562 3485 At
1583 3436 1725 3498 prestituat
1747 3451 1789 3488 cas

192 3512 310 3596 ἀφορμὰς
324 3513 443 3582 ἐπινοεῖν,
458 3509 486 3568 αῖ
497 3509 545 3581 τὴν
556 3509 647 3568 πενίαν
657 3514 766 3588 τηροῦσι
780 3510 967 3591 παραόοηθοὺ-
1010 3521 1160 3582 eampum
1173 3521 1291 3580 meones,
1302 3534 1350 3570 non
1361 3534 1418 3582 qum
1433 3523 1528 3572 servem
1543 3527 1721 3586 paupertatem,
1736 3537 1790 3574 mo·

192 3625 237 3661 οαι
249 3600 324 3678 μόνον
340 3602 419 3678 αὐτῇ,
432 3598 488 3656 ἀλλ’
506 3597 534 3656 αἳ
547 3596 634 3656 τέλεον
648 3596 825 3678 ἐξαιρήσουσι,
844 3599 889 3658 καί
901 3603 967 3683 ὑπέρ
1010 3606 1064 3658 (lice
1080 3607 1152 3656 morlo
1167 3608 1316 3658 maturatam
1326 3607 1438 3669 interim,
1450 3607 1493 3658 scil
1510 3621 1567 3670 quie
1579 3609 1663 3659 tollant
1674 3611 1788 3672 penitus:

189 3693 277 3766 γετοῦ
295 3686 410 3745 τοιούτου
421 3685 467 3744 καί
479 3687 504 3752 ἀς
519 3683 669 3764 βαθυκήτεα
681 3683 773 3743 πόντον
789 3684 851 3756 ίσως
868 3691 967 3768 ῥιπτεῖν
1010 3697 1042 3744 lit
1052 3693 1229 3756 uniusquidem
1239 3694 1274 3744 rei
1285 3706 1357 3744 eausa
1365 3694 1390 3744 in
1399 3698 1499 3756 motum
1511 3695 1572 3746 tortu
1580 3697 1640 3745 cetis
1651 3697 1790 3748 annihilem

191 3773 258 3842 ίδει,
271 3762 294 3830 ἀν
305 3771 414 3849 Θέογνι,
431 3772 477 3830 καὶ
488 3774 601 3851 πετρῶν,
614 3773 650 3836 ὡς
664 3769 715 3851 φὴς
745 3771 803 3830 κατ’
824 3773 966 3844 ηλιὺάτων.
1011 3781 1125 3842 projicere
1135 3793 1175 3840 se,
1187 3780 1307 3843 Theogni,
1316 3780 1447 3842 sameas,
1456 3793 1516 3844 rupe
1526 3782 1565 3833 uel
1576 3783 1654 3844 aeria,
1664 3784 1729 3845 qnod
1740 3785 1790 3848 ais,
1900 3800 1901 3825 l

193 3861 227 3919 El
244 3858 272 3916 δέ
285 3883 324 3924 τις
339 3859 379 3916 ἀεί
392 3857 471 3929 πένης
482 3857 526 3916 καί
541 3856 630 3928 ἐνδεὴς
643 3857 688 3916 καί
700 3856 841 3936 ὑπόμισθος
857 3858 894 3918 ὢν
912 3863 966 3921 οἴε-
1011 3881 1038 3918 se
1048 3867 1106 3918 dara
1116 3867 1271 3930 precipitem.
1311 3867 1337 3918 si
1347 3867 1403 3929 quia
1414 3881 1472 3918 vero
1487 3881 1581 3932 semper
1597 3871 1680 3933 inope,
1694 3871 1790 3934 indigua

190 3967 236 4004 τοι
252 3944 343 4004 πενίαν
357 3947 427 4024 αὐτῷ
440 3943 523 4024 τούτῳ
535 3943 745 4024 διαπεφευγέναι,
757 3947 804 4004 οὐκ
815 3937 872 4004 οἶδα
883 3953 940 4017 πῶς
954 3955 968 4009 δ
1011 3956 1036 4004 et
1047 3954 1205 4003 οιοεοειιοτίυε
1220 3967 1295 4017 quium
1308 3953 1355 4015 ait,
1365 3955 1454 4017 eatpsa
1464 3968 1492 4005 re
1501 3960 1665 4019 paupertatem
1680 3971 1707 4006 ae
1720 3963 1791 4020 putat

192 4038 305 4099 τοιοῦτος
318 4034 364 4090 οὑκ
385 4029 416 4090 ἀν
440 4029 534 4098 δόξειεν
552 4031 644 4090 ἑαυτὸν
667 4031 807 4099 ἐξαπατᾶν.
1010 4041 1124 4102 effugisse
1134 4055 1140 4088 ι
1150 4041 1230 4090 meio
1237 4040 1345 4103 quitatis
1354 4053 1401 4089 non
1413 4041 1466 4104 ipse
1477 4041 1524 4092 sibi
1535 4042 1645 4093 rideatur
1655 4044 1787 4106 imponere.

234 4131 261 4179 6.
282 4117 371 4178 Ἄλλοι
385 4115 413 4176 δέ
431 4115 522 4175 πενίαν
536 4117 583 4194 μέν
604 4116 687 4188 αὐτὴν
706 4119 753 4177 οὑκ
770 4117 801 4176 ἀν
822 4119 968 4199 φοάηθῆναι
1042 4135 1066 4178 o.
1084 4127 1129 4177 alii
1139 4141 1222 4179 rursus
1235 4131 1401 4192 paupertatem
1412 4128 1491 4192 ipsam
1502 4143 1553 4181 ase
1563 4131 1640 4182 metui
1654 4136 1790 4194 negentne·

193 4204 252 4266 ούδὲ
276 4203 480 4281 καταπλαγῆναί
503 4226 590 4284 φασιν,
610 4209 633 4266 ei
657 4203 785 4276 ἠδύναντο
807 4210 861 4273 τοῖς
881 4208 969 4278 ἀλλοις
1010 4214 1644 4280 οοειείοιιοίδοιὶ,εῖφοοείοιοοι1εεοιγυοείίῖοιοθο
1655 4218 1790 4270 Ιεὺοεσυιοε

193 4292 288 4372 ὁμοίοις
300 4296 436 4358 πονοῦντες
446 4291 588 4372 ἐκπορίζειν
602 4291 635 4352 τδι
648 4291 758 4374 ἄλφιτα,
771 4299 815 4352 νῦν
827 4292 855 4353 δι’
866 4329 906 4340 -
916 4321 968 4357 πε-
1010 4301 1101 4352 νὶοιοοι
1117 4314 1208 4364 parare.
1240 4305 1295 4352 Jun
1312 4313 1369 4352 vero
1383 4303 1470 4353 attacta
1487 4303 1549 4366 sibi,
1567 4305 1649 4366 aiunt,
1665 4306 1704 4355 vel
1720 4319 1789 4357 aene·

190 4380 334 4453 πονηκέναι
347 4378 398 4460 γὰρ
412 4381 498 4444 αὑτοῖς
514 4377 550 4437 τὰ
564 4377 676 4456 σώματα
689 4377 707 4450 ἢ
722 4379 772 4444 ὑπὸ
788 4379 902 4462 γήρωςῆ
918 4385 969 4444 ὑπὸ
1011 4391 1076 4439 mute
1086 4388 1125 4438 vel
1142 4387 1233 4438 morbis
1245 4402 1357 4452 corpore,
1368 4390 1399 4439 ad
1414 4390 1514 4442 hancce
1525 4391 1659 4442 facillimam
1668 4407 1790 4444 mercena·

191 4465 372 4530 νόσων-ἀπί
383 4465 458 4536 τόνδε
466 4464 563 4546 ῥᾴστην
573 4457 651 4526 ούσαν
659 4465 706 4536 τὴν
715 4466 874 4548 μισθοφορὰν
882 4472 969 4544 ἀπην-
1011 4475 1053 4525 rie
1064 4477 1120 4524 vira
1134 4475 1250 4525 rationem
1265 4475 1365 4525 delatos.
1403 4481 1451 4539 Age
1467 4476 1539 4538 igitur
1554 4477 1690 4539 videamus,
1708 4480 1790 4528 utrum

192 4553 308 4628 ιηκέναι.
349 4553 416 4634 Φέρ’
435 4545 478 4611 οὑν
494 4552 590 4631 ίδωμεν
612 4555 635 4612 εἰ
655 4555 739 4624 ἀληθῆ
758 4551 863 4632 λέγουσι
878 4555 923 4616 καί
938 4560 968 4617 iu
1011 4575 1068 4612 vera
1082 4561 1227 4625 predicent,
1240 4567 1265 4612 et
1276 4576 1307 4612 an
1320 4576 1350 4612 ex
1367 4560 1430 4612 lucili
1445 4562 1506 4613 adeo
1519 4564 1618 4614 redeant
1633 4565 1680 4614 illis
1695 4578 1724 4615 es
1735 4577 1789 4628 quaa

192 4649 237 4703 τοῦ
253 4642 348 4725 ῥᾴστου
367 4639 404 4719 μὴ
419 4638 505 4702 πολλὰ
517 4639 582 4716 μηδὲ
596 4638 679 4700 πλείω
696 4643 748 4698 τῶν
761 4639 848 4700 ἄλλων
862 4647 969 4704 πονοῦσι
1012 4649 1106 4710 dautur,
1122 4663 1172 4700 non
1192 4649 1308 4711 multum,
1326 4663 1375 4700 non
1392 4650 1447 4713 plus
1463 4664 1536 4713 quam
1555 4650 1596 4700 alii
1612 4650 1787 4700 labcnutibus:

193 4730 369 4812 περιγίγνεται
381 4731 467 4797 αὐτοῖς
480 4727 514 4788 τδι
529 4727 660 4805 διδόμενα·
674 4730 739 4806 εὐχῇ
757 4727 807 4808 γδιφ
820 4727 852 4786 ἀν
866 4731 968 4826 <cludro
1011 4740 1068 4786 voto
1082 4736 1146 4786 euim
1157 4749 1214 4787 saue
1223 4735 1300 4786 simile
1311 4736 1397 4798 tuerit,
1406 4738 1458 4786 sine
1466 4737 1545 4788 labore
1552 4738 1669 4801 aliquem,
1679 4738 1730 4788 sine
1739 4749 1787 4786 mo·

194 4819 234 4890 εἴη
248 4816 331 4878 ταῦτά
341 4841 384 4896 γε,
394 4815 431 4895 μὴ
440 4816 592 4888 πονήσαντα
602 4814 668 4893 μηδὲ
679 4815 798 4892 καμόντα
809 4814 911 4894 ἕτοιμον
920 4821 969 4898 ἀρΡ
1012 4822 1095 4884 lestis,
1113 4828 1253 4886 presentem
1268 4825 1395 4887 pecuniam
1410 4824 1523 4887 accipere.
1554 4825 1602 4876 scd
1618 4839 1691 4888 quam
1708 4829 1789 4876 cunin

194 4904 280 4983 γύριον
290 4905 388 4964 λαύεῖν.
430 4903 469 4966 'Po
479 4903 507 4964 δέ
517 4907 572 4964 ἐστι
582 4902 627 4962 καί
638 4905 747 4984 ῥηθῆναι
755 4902 813 4962 κατ’
823 4901 896 4970 ἀξίαν
907 4903 968 4964 iii-
1011 4910 1091 4961 omnia
1100 4923 1126 4960 sc
1137 4910 1240 4960 habeant
1249 4923 1328 4973 neque
1343 4911 1405 4972 diei,
1420 4915 1492 4976 prout
1503 4925 1541 4962 res
1556 4913 1675 4975 postulat,
1690 4917 1787 4977 potest:

194 5014 280 5049 νοιτον·
293 4997 407 5051 τοσαῦτα
421 4997 528 5051 πονοῦσι
546 4989 591 5050 καί
609 4989 750 5067 κάμνουσιν
762 4990 788 5046 ἐν
799 4993 857 5058 ταῖς
875 5013 969 5051 cunco«
1012 4997 1147 5047 totlalrores
1158 4996 1291 5059 sustinent,
1305 5003 1340 5049 tot
1351 4999 1471 5049 molestias
1482 5000 1507 5049 in
1518 5000 1565 5050 illis
1576 4999 1788 5060 familiaritatibus.

195 5077 263 5143 σίαις
275 5075 342 5136 ὥστε
352 5077 467 5146 πλείονος
479 5080 588 5137 ένταὺθα
600 5077 645 5135 καὶ
657 5075 784 5134 ἐπὶτοῦτο
796 5075 911 5153 μάλιστα
922 5081 969 5150 τῆς
990 5086 993 5151 ξ
1011 5090 1038 5135 ut
1048 5084 1152 5134 firmiore
1163 5084 1203 5135 hic
1213 5085 1250 5135 vel
1259 5085 1290 5136 ad
1299 5087 1345 5136 icoc
1355 5087 1436 5150 ipsum
1446 5087 1581 5138 ualeudine
1589 5102 1651 5152 opus
1660 5089 1704 5149 slt,
1713 5099 1788 5152 quum
1900 5138 1901 5143 ,

196 5164 292 5246 ὑγιείας
301 5165 413 5237 δεῖσθαι,
426 5165 523 5250 μυρίων
534 5165 614 5227 όντων
624 5162 751 5242 ὁσημέραι
761 5166 811 5222 τῶν
822 5163 968 5243 έπιτριόόν-
990 5154 994 5212 ί
1011 5173 1123 5228 sexcenta
1132 5170 1245 5236 sintque
1254 5185 1341 5236 corpus
1353 5174 1583 5238 atterantquotldie,
1593 5180 1618 5226 et
1633 5175 1663 5226 ad
1680 5175 1789 5226 ultimam
