3825 5909
167 399 225 452 seo
491 395 640 455 xxxvl.
669 396 683 424 ⁴
705 398 812 457 ΠΕΡΙ
838 398 925 457 ΤΗΣ
953 400 1275 467 ΑΣΤΡΟΛΟΓΙΗΣ.
1305 420 1341 469 m
1358 423 1456 471 ..un
1582 410 1639 490 tu,
1655 432 1772 507 πηπη

164 529 273 589 ἱστάναι
290 526 396 606 λέγουσι
417 528 484 597 ὅκως
506 530 694 609 πεπεδημένον·
714 533 744 593 τ“ο
768 534 796 594 δὲ
817 534 894 615 βάθος
912 536 942 594 τδ
964 546 967 566 “
991 547 1179 612 aluntmnqoam
1188 553 1295 605 vinetum
1307 556 1463 621 compedibus
1473 560 1644 623 ingensoutem
1656 565 1710 615 ooeii
1718 580 1772 629 pro

164 617 261 677 πολλὸν
271 622 317 676 τοῦ
331 615 406 697 ἠέρος
417 617 555 699 Τάρταρος
566 620 699 683 καλέεται.
991 634 1097 689 funditus
1107 642 1220 692 Tartarus
1232 648 1340 695 roditur.

204 714 252 766 ir.
275 704 435 767 Μάλισταδ
449 703 479 763 ἔκ
490 730 519 765 τε
531 706 704 787 Ὁμήρουτού
711 709 825 781 ποιητέω
834 710 945 768 καὶτῶν
1022 730 1059 773 m.
1077 727 1182 778 Maxime
1199 742 1256 779 vem
1268 744 1299 781 ex
1309 734 1405 783 Homeri
1417 738 1495 799 poem
1506 738 1531 787 et
1544 738 1644 789 Hesiodi
1659 740 1772 791 versibus

164 791 288 854 Ἠσιόδου
302 790 386 850 ίπέων
400 791 478 869 μάθοι
493 792 525 851 ἄν
538 816 576 861 τις
588 794 622 853 τὰ
643 794 727 853 πάλαι
740 802 793 864 τοῖς
817 799 945 879 ἀστρολο-
990 810 1067 864 disost
1084 814 1179 877 uliquis,
1196 815 1226 866 de
1241 818 1328 881 quibus
1341 821 1400 870 otim
1411 823 1474 873 inter
1484 824 1615 887 astrologos
1625 828 1771 879 oonvenerit.

163 879 251 957 γέουσι
262 878 453 961 ὁμοφωνέοντα.
496 871 559 940 Εύτ’
574 881 605 940 ἀν
619 883 647 942 δὲ
661 884 709 955 τὴν
722 884 811 967 σειρὴν
823 892 870 944 τοῦ
884 885 946 954 dd<
990 898 1091 957 Quando
1103 912 1160 951 vero
1170 908 1279 953 catenum
1288 906 1356 955 ioris
1365 908 1452 971 refert,
1464 914 1488 959 et
1499 908 1574 960 bores
1585 912 1660 975 Solis,
1670 912 1715 965 hos
1724 929 1769 977 ego

163 966 314 1044 ἀπηγέηται
326 966 372 1025 καλ
383 970 430 1026 τού
440 968 545 1028 Ἠελίου
556 968 603 1037 τὰς
614 969 689 1049 βόας,
703 970 737 1031 τδι
749 972 781 1044 δὴ
791 972 843 1052 ἐγὼ
854 974 945 1051 ἤματα
990 987 1073 1051 utique
1083 988 1135 1039 dies
1145 1002 1198 1040 esse
1209 992 1323 1055 oonjicio;
1335 998 1360 1043 et
1371 994 1457 1058 urbes,
1469 1010 1530 1060 quas
1542 998 1567 1047 in
1578 1000 1662 1063 clypeo
1673 1002 1772 1053 schidiis

163 1042 229 1111 είναι
243 1052 445 1132 ουμύάλλομαι,
460 1055 506 1113 καλ
518 1054 564 1124 τδς
584 1058 678 1125 πολιας
697 1058 745 1126 τδις
758 1061 785 1118 ἐν
799 1066 833 1140 τῇ
852 1061 945 1121 ἀσπίδι
990 1072 1046 1123 iecit
1057 1076 1193 1139 Vulcanus,
1206 1082 1230 1128 et
1245 1078 1361 1142 ebomm,
1374 1085 1399 1131 et
1415 1084 1771 1145 vinesm,simi1itersdsstro·

161 1138 310 1224 Ἥφαιστος
328 1142 472 1214 ἐποιήσατο
492 1144 538 1203 καὶ
554 1144 601 1203 τδν
614 1146 693 1227 χορδν
714 1148 761 1206 καὶ
780 1148 828 1221 τὴν
846 1148 943 1221 ἀλωήν.
989 1161 1076 1223 loffl'sm
1088 1165 1213 1226 pertinere.
1245 1169 1305 1217 Nem
1317 1168 1357 1218 itu
1365 1170 1459 1231 omniu,
1471 1174 1773 1235 quaeinveneremobilio

161 1226 206 1289 Tt
213 1226 261 1306 μέν
270 1227 321 1309 γδρ
328 1228 409 1289 ὁκόσα
416 1233 442 1297 ἐς
448 1230 494 1301 τὴν
502 1231 653 1315 Ἀφροδίτην
663 1234 747 1317 αὐτέῳ
753 1238 849 1297 καὶτοῦ
856 1234 945 1319 Ἄρεος
989 1253 1014 1299 et
1022 1248 1047 1297 in
1058 1250 1142 1300 Mortis
1151 1250 1295 1303 adulterium
1310 1254 1456 1320 dictasunt,
1470 1262 1494 1305 ot
1502 1272 1558 1321 ηοω
1567 1258 1595 1306 ui
1603 1256 1682 1320 putum
1694 1258 1773 1318 gesto,

162 1316 210 1387 την
226 1315 345 1396 μοιχείην
355 1317 491 1391 λέλεκται,
505 1320 551 1380 καλ
565 1318 598 1379 τὰ
612 1322 730 1404 ἐμφανέα
744 1326 791 1383 οὔκ
805 1325 912 1384 ἄλλοθεν
927 1326 944 1398 ἢ
988 1338 1149 1399 nonoiiunde,
1159 1352 1232 1402 quam
1244 1355 1273 1391 ex
1285 1342 1331 1392 bne
1343 1345 1460 1407 sepientis
1470 1345 1525 1395 fietu
1537 1352 1612 1397 sunt:
1630 1348 1772 1411 conjunctus

162 1406 193 1462 έκ
210 1406 289 1474 τῆσδε
303 1410 350 1476 τῆς
363 1404 455 1488 σοφίης
468 1406 643 1485 πεποιημένα·
657 1414 674 1481 ἡ
692 1409 743 1493 γάρ
754 1412 786 1482 δὴ
803 1400 839 1471 ὧν
854 1413 945 1495 Ἀφρο-
989 1436 1076 1488 nempe
1087 1440 1173 1476 cursus
1185 1429 1286 1479 Veneris
1298 1432 1415 1481 etbimiis
1430 1434 1528 1483 Homeri
1538 1438 1636 1485 contum
1647 1436 1734 1497 efficit,
1744 1440 1770 1487 et

161 1490 233 1563 δίτης
250 1492 353 1551 καὶτοῦ
373 1491 463 1573 Ἄρεος
482 1496 628 1575 ὁμοδρομίη
642 1495 691 1569 τὴν
709 1498 831 1580 Ὁμήρου
854 1500 945 1573 ἀοιδὴν
989 1511 1102 1562 obsolvit.
1135 1517 1163 1563 in
1175 1515 1228 1565 otiis
1243 1527 1301 1567 roro
1309 1518 1418 1569 versibus
1432 1534 1504 1583 opero
1514 1522 1704 1588 uniuscuiusque
1719 1524 1770 1575 ilio·

161 1578 344 1661 ἀπεργάζεται·
359 1584 386 1639 ἐν
399 1580 502 1640 άλλοισι
516 1582 543 1641 δὲ
558 1582 632 1642 έπεσι
645 1584 679 1643 od
693 1584 758 1665 ἔργα
773 1586 885 1647 ἑκάστου
897 1591 945 1648 αύ-
989 1599 1255 1665 rumdetinivit,quum
1261 1605 1350 1655 Veneri
1358 1603 1432 1655 dicit:

160 1664 225 1725 τέων
238 1665 377 1748 διωρίσατο
390 1670 423 1747 τῇ
436 1668 572 1749 Ἀφροδίτη
588 1668 635 1747 μὲν
648 1672 738 1747 εἰπὼν,

221 1804 361 1867 'nibede’
372 1806 492 1871 ἱμερόεντα
501 1810 611 1873 μετέρχεο
620 1810 676 1874 ἔργα
684 1811 781 1873 γάμοιο·
1041 1812 1212 1871 hudonem
1221 1813 1556 1863 tibisoutooonoobtsoursez

158 1915 285 1977 τάδὲτοῦ
298 1916 429 1995 πολέμου,
988 1924 1227 1977 debeiiieisoutem:

219 2050 329 2099 Ταῦταδ*
339 2049 406 2115 Ἄρηι
418 2054 465 2116 θοῷ
475 2054 515 2102 καὶ
527 2054 611 2119 Ἀθήνη
622 2056 699 2107 πάντα
709 2059 820 2121 μελήσῃ]
1040 2058 1101 2103 idsrs
1110 2058 1170 2103 eeter
1179 2058 1222 2103 isto
1228 2057 1323 2116 quidem
1333 2060 1454 2117 Potiusque
1463 2064 1553 2107 ernisto
1563 2062 1688 2119 porobunt.

197 2188 244 2237 28.
266 2175 350 2258 'Arrsp
370 2180 395 2235 σί
412 2180 521 2237 παλαιοί
541 2179 638 2249 ίδύντες
659 2182 776 2259 μάλιστα
798 2186 941 2265 μαντηίῃσι
1018 2192 1056 2237 ²³·
1073 2190 1135 2245 0¹¹ae
1150 2200 1225 2250 quum
1239 2188 1349 2238 viderem
1361 2194 1468 2250 veteres,
1481 2190 1586 2241 mxime
1597 2192 1726 2243 uiebtuidt
1736 2192 1770 2243 di·

157 2266 189 2343 ἐχ
193 2264 284 2343 ρέονιο
294 2261 341 2323 καλ
352 2265 382 2321 ού
392 2264 523 2347 πάρεργον
537 2267 633 2339 αὐτέην
647 2269 795 2343 ἐποιέοντο,
810 2273 869 2330 ἀλλ’
883 2272 942 2333 οὔτε
987 2273 1163 2334 rinstionibus‚
1183 2288 1260 2337 neque
1278 2275 1356 2325 obiter
1373 2276 1437 2325 iiisre
1455 2278 1591 2327 troombont
1607 2292 1613 2327 :
1632 2278 1675 2329 sed
1691 2292 1769 2343 neque

160 2351 255 2417 πόλιας
266 2350 363 2434 ᾤκιζον
378 2350 438 2411 ode
455 2353 546 2434 τείχεα
559 2354 836 2436 περιεύάλλοντοούτε
851 2359 942 2441 φύνους
987 2361 1058 2411 uibtt
1082 2360 1230 2424 &indemnis
1254 2376 1333 2425 ΰθθΰθ
1350 2363 1473 2415 ducem!
1491 2366 1594 2427 fflfflssih
1616 2378 1661 2417 ¹¹0⁰
1681 2368 1766 2430 1imru

156 2437 297 2519 ἐργάζοντο
308 2439 369 2501 edre
381 2448 508 2518 γυναῖκας
520 2441 644 2520 ἐγάμεον,
662 2444 725 2524 πρὶν
741 2444 774 2517 δὴ
788 2446 861 2527 παρδι
876 2449 941 2525 μάν·
985 2449 1179 2511 committebant,
1187 2462 1266 2513 neque
1274 2464 1359 2501 uxores
1370 2452 1768 2515 duoebsntsnte,quomsrotibos

155 2548 221 2587 τεων
233 2529 344 2587 ἀκούσαι
355 2527 464 2587 ἕκαστα·
475 2528 521 2588 καί
535 2528 587 2609 γδιρ
601 2529 634 2601 δὴ
646 2530 681 2590 τδι
693 2533 810 2608 μαντήια
825 2534 941 2596 αὐτέοισι
985 2536 1110 2587 audissent
1133 2538 1233 2599 singulo.
1266 2539 1360 2588 Etenim
1380 2552 1458 2602 neque
1477 2541 1573 2590 orseuls
1593 2540 1641 2590 iliis
1660 2542 1768 2605 expertia

156 2616 204 2673 οὐκ
213 2613 262 2684 ἔξω
271 2615 443 2696 ἀστρολογίης
451 2607 492 2689 ἦν,
503 2615 572 2676 siit
584 2616 658 2699 παρδ
671 2617 718 2697 μέν
733 2623 859 2703 Δελφοῖσι
870 2646 940 2705 παρ-
986 2623 1120 2685 astrologus
1132 2629 1216 2674 erant:
1231 2636 1314 2675 verum
1324 2626 1423 2689 Delphis
1434 2627 1532 2689 quidem
1541 2628 1609 2689 virgo
1622 2629 1767 2679 rstidnsndi

156 2700 227 2769 θένος
244 2702 299 2782 ἔχει
312 2701 361 2774 τὴν
372 2703 534 2785 προφητείην
547 2703 680 2783 σύμύολον
694 2712 742 2779 τῆς
752 2709 881 2789 παρθένου
893 2716 941 2784 τῆς
985 2722 1073 2761 munus
1084 2710 1170 2771 habet,
1182 2712 1286 2762 ooelestis
1298 2714 1402 2775 Virginis
1418 2714 1554 2776 symbolum
1572 2730 1578 2763 :
1597 2719 1622 2766 et
1635 2716 1708 2766 draeo
1721 2716 1767 2768 sub

156 2788 284 2871 οὐρανίης,
296 2789 342 2849 καί
351 2790 455 2870 δράκων
465 2791 560 2873 ὓπδτῷ
569 2793 671 2872 τρίποδι
681 2795 829 2877 φθέγγεται,
842 2796 882 2856 δτι
894 2798 940 2856 καὶ
984 2798 1077 2863 tripode
1094 2812 1179 2849 vocem
1190 2800 1290 2864 emittit,
1303 2803 1415 2863 quonism
1431 2802 1493 2852 inter
1502 2802 1581 2852 sidero
1589 2816 1685 2867 quoque
1702 2805 1767 2856 lucet

155 2880 183 2936 έν
196 2882 264 2937 τοῖσι
280 2876 400 2959 ἄστροισι
416 2878 520 2958 δράκων
541 2880 733 2962 φαίνεται,καὶ
754 2886 780 2941 έν
799 2882 939 2961 Διδύμοισι
983 2890 1070 2937 Draco·
1103 2888 1173 2947 Quod
1184 2892 1265 2937 tutem
1279 2887 1389 2951 Didymis
1400 2891 1439 2939 esi
1454 2890 1571 2953 Apollinis
1583 2890 1724 2952 saeuiunt,
1738 2898 1767 2943 ut

158 2964 187 3025 δέ
206 2964 332 3045 μαντήιον
354 2970 400 3024 τοῦ
414 2966 592 3042 Ἀπολλωνος,
608 2970 667 3046 ἐμοὶ
682 2969 779 3044 δοκέει,
798 2971 844 3030 καί
862 2978 939 3034 τοῦτο
983 2975 1042 3024 mibi
1053 2974 1158 3035 ridetur,
1175 2976 1255 3039 ipsum
1264 2988 1360 3039 qnoque
1371 2990 1385 3025 s
1396 2975 1535 3027 omiestibus
1544 2978 1654 3041 Didymis
1667 2980 1765 3040 (Gensi-

157 3056 188 3113 έκ
201 3058 254 3113 τῶν
269 3052 366 3133 ἠερίων
377 3054 501 3132 Διδύμων
511 3057 678 3134 ὀνομάζεται,
987 3063 1046 3126 πίε)
1057 3064 1198 3126 appelletur.

195 3152 244 3203 24.
266 3140 347 3202 θύτω
358 3140 386 3200 δέ
397 3141 514 3202 αὐτέοισι
524 3149 618 3225 χρῆμα
628 3146 748 3229 ίράτατον
759 3152 777 3218 ἡ
789 3150 936 3226 μαντοσύνη
1014 3154 1052 3201 ut.
1070 3151 1136 3203 Adeo
1147 3164 1185 3201 res
1193 3151 1342 3201 sanctissimo
1351 3152 1399 3203 iilis
1411 3152 1463 3202 viss
1472 3150 1646 3213 divinotioest,
1656 3155 1685 3205 ut
1694 3156 1765 3219 θίγε·

154 3228 254 3303 ἐδόκεε,
268 3226 337 3287 ὥστε
352 3226 383 3299 δὴ
396 3228 540 3297 Ὀδυσσεύς
551 3231 641 3304 ἐπειδὴ
655 3232 738 3311 ἔκαμε
749 3235 935 3314 πλανεόμενος,
982 3252 1030 3301 ses,
1040 3240 1148 3302 quiimin
1155 3253 1236 3289 errore
1244 3240 1285 3290 iilo
1296 3253 1341 3289 suo
1349 3240 1475 3301 laboraret,
1482 3253 1567 3291 verum
1578 3240 1661 3293 rodim
1667 3244 1766 3307 oupbns

155 3316 280 3388 ἐθελήσας
291 3315 397 3397 ἀτρεκές
407 3318 519 3377 άκοῦσαι
527 3318 589 3400 περί
600 3322 653 3378 τῶν
663 3324 761 3380 ἑωυτοῦ
773 3324 937 3401 πρηγμάτων
981 3326 1012 3379 de
1023 3328 1096 3378 rebus
1105 3328 1170 3389 suis,
1182 3326 1213 3376 sd
1226 3328 1316 3377 interos
1330 3326 1500 3388 deseenderet,
1511 3340 1560 3377 uon
1578 3348 1590 3372 ι
1609 3330 1724 3379 demeret
1735 3336 1765 3381 ut

154 3405 232 3472 ἀςτδν
244 3399 331 3477 Ἀίδην
344 3404 468 3478 ἀπίκετο,
479 3408 526 3466 οὖν
541 3406 627 3487 «ὄφρα
638 3407 682 3487 ίδη
696 3408 790 3477 νέκυας
803 3410 848 3469 καλ
860 3414 938 3494 ἀτερ-
982 3415 1147 3475 ionomsviu,
1158 3413 1417 3476 dinumerandum
1431 3416 1506 3465 sedin
1512 3415 1657 3478 colloquium
1665 3418 1766 3469 Tiresia

153 3491 630 3573 πέαχῶρονν,άλλέἰςλύγουςέλθεῖν
643 3495 767 3575 Τειρεσίη
779 3498 935 3576 ἐπιθυμέων.
981 3502 1062 3554 venire
1072 3501 1115 3566 qui
1128 3500 1281 3553 desideraret.
1315 3506 1346 3552 nt
1361 3515 1436 3566 quum
1448 3502 1674 3554 venissetiniooum
1690 3519 1764 3567 qoem

154 3580 209 3642 Καὶ
222 3578 314 3651 ἐπειδὴ
328 3582 354 3647 ἐς
365 3580 410 3639 τὸν
421 3584 508 3663 χῶρον
522 3573 600 3656 ἦλθε,
613 3582 675 3641 ἔνθα
686 3586 710 3642 οῖ
722 3583 811 3664 Κίρκη
821 3586 937 3664 ἐσήμηνε
980 3591 1147 3653 designaverat
1161 3590 1210 3653 ipsi
1223 3590 1306 3650 Oinoe,
1317 3594 1343 3640 et
1354 3590 1445 3639 tesssm
1459 3590 1572 3653 fodisset,
1589 3596 1765 3655 msemssesque

153 3668 199 3726 καὶ
212 3666 312 3747 έσκαψε
332 3667 378 3726 τὸν
394 3666 485 3748 βόθρον
499 3668 547 3726 καὶ
560 3668 594 3727 τθι
610 3671 683 3746 μῆλα
704 3669 813 3751 ἔσφαξε,
831 3675 936 3734 πολλῶν
980 3690 1052 3740 οναε;
1070 3678 1171 3728 mortuis
1189 3676 1272 3729 moltis
1290 3678 1463 3740 presentibus,
1478 3678 1589 3742 interque
1607 3679 1661 3730 iiios
1682 3686 1763 3732 mitre

153 3752 251 3814 νεκύων
270 3752 431 3833 παρεόντων,
445 3756 473 3812 έν
490 3756 559 3814 τοῖσι
573 3756 620 3814 καὶ
637 3762 686 3828 τῆς
700 3757 799 3838 μητρὸς
811 3763 859 3831 τῆς
870 3764 935 3819 imo·
980 3767 1106 3829 ipsius,so
1113 3764 1194 3815 bibere
1203 3764 1234 3815 de
1242 3764 1357 3825 sanguine
1366 3764 1511 3826 volentibus,
1522 3779 1572 3816 non
1579 3768 1647 3829 prius
1653 3768 1764 3830 permisit

152 3850 212 3916 τοῦ,
223 3846 271 3901 τοῦ
289 3841 400 3918 αἵματος
409 3850 479 3901 πιεῖν
493 3844 634 3902 ἐθελόντων
648 3847 678 3903 οὐ
692 3845 821 3926 πρότερον
834 3850 935 3921 ἀπῆκεν
979 3854 1107 3916 cuiquem,
1126 3864 1170 3901 neu
1181 3852 1228 3915 ipsi
1244 3851 1315 3901 metm
1332 3851 1408 3908 odeo.
1420 3864 1494 3915 quom
1507 3852 1611 3903 tiresias
1627 3858 1762 3917 metasset,

153 3928 237 3990 ὠδενλ
247 3928 306 3987 οὐδὲ
321 3926 400 4008 αύτέη
410 3933 444 4006 τῇ
456 3929 553 4010 μητρί,
564 3930 627 4011 πρὶν
638 3931 778 4011 Τειρεσίην
792 3933 935 4012 γεύσασθαι
980 3952 1084 4002 eumque
1097 3940 1150 4003 ipse
1165 3938 1282 4000 megisset
1293 3937 1364 3989 edere
1380 3938 1426 3989 sibi
1441 3940 1581 4003 oroouium;
1597 3942 1763 4006 sustinuitque

152 4017 198 4077 καί
207 4014 383 4093 ἐξαναγκάσαι
394 4015 475 4073 εἰπεῖν
485 4018 510 4073 oi
518 4014 549 4073 τὸ
558 4018 750 4092 μαντήιονκαλ
764 4019 890 4100 ἀνέσχετο
901 4025 934 4082 δι·
979 4028 1100 4078 sitientem
1116 4026 1200 4076 matris
1208 4026 1318 4075 umbram
1329 4024 1417 4076 ridere.

151 4108 244 4186 ψίύσαν
255 4100 336 4182 θρίων
348 4106 395 4172 τῆς
408 4100 506 4181 μητρὸς
519 4100 567 4173 τὴν
580 4103 666 4175 σκιήν.

192 4202 240 4253 tt.
253 4188 493 4267 Λακεδαιμονίοισι
514 4188 542 4247 δὲ
560 4194 710 4272 Λυκοῦργος
727 4190 775 4262 τὴν
795 4196 934 4269 πολιτηίην
1011 4210 1048 4254 25.
1066 4201 1340 4253 Lsmdaemoniissutem
1348 4202 1471 4263 Lycurgos
1478 4212 1528 4251 rem
1538 4214 1633 4252 omnem
1640 4202 1762 4265 publicem

151 4289 240 4340 ndens
250 4282 333 4338 ἐκτοῢ
343 4280 452 4358 οὐρανοῦ
462 4275 597 4346 διετάξατο
605 4277 651 4337 καλ
662 4278 756 4356 νόμους
765 4281 838 4362 σφίσι
849 4284 936 4356 ἐποιή-
979 4306 1009 4343 ex
1024 4292 1079 4341 ooeii
1099 4290 1230 4340 rationibus
1248 4289 1387 4350 constituit,
1398 4289 1497 4351 etieges
1515 4288 1562 4339 iilis
1573 4290 1668 4354 posuit,
1679 4304 1709 4341 ne
1722 4306 1761 4341 us·

151 4390 217 4427 σατο
228 4364 340 4444 μηδαμά
350 4362 453 4442 μηδέές
463 4365 579 4443 πόλεμον
589 4367 749 4449 προχωρέειν
760 4370 822 4449 πρὶν
832 4368 881 4442 τὴν
894 4396 936 4431 σε·
978 4394 1051 4443 quom
1073 4378 1100 4429 in
1116 4377 1206 4429 bellum
1222 4382 1277 4427 ante
1297 4376 1505 4440 pmgrsderentur,
1521 4390 1595 4440 qoem
1610 4378 1681 4441 pleno
1701 4378 1762 4429 inus

150 4456 261 4527 ληναίην
271 4452 376 4536 πλήρεα
386 4450 514 4531 γενέσθαι·
527 4455 558 4511 od
567 4451 617 4535 γάρ
626 4454 686 4525 ίσην
697 4453 798 4532 ἐνόμιζε
808 4449 875 4515 εἶναι
886 4456 934 4530 την
978 4470 1050 4518 esset.
1083 4468 1165 4529 Neque
1176 4466 1240 4515 enim
1249 4464 1534 4527 monstemputobotesse
1543 4466 1674 4529 potentium
1687 4478 1759 4530 euge

150 4541 303 4615 δυναστείην
317 4540 493 4619 αὐξανομένης
505 4545 553 4613 τῆς
563 4540 702 4614 σεληναίης
716 4542 763 4600 καὶ
774 4544 934 4624 άφανιζομέ-
979 4554 1066 4605 soentis
1086 4554 1150 4603 lunoe
1168 4556 1195 4603 et
1209 4552 1383 4614 decrescentis,
1403 4552 1531 4616 omnisque
1549 4552 1581 4603 ob
1602 4552 1644 4603 ills
1662 4553 1760 4603 sdmini

150 4655 209 4705 νης,
220 4630 309 4691 πάντα
323 4630 351 4689 δέ
365 4629 409 4687 ὑπ’
420 4630 501 4709 αὐτέῃ
511 4627 675 4690 διοικέεσθαι.
977 4644 1057 4694 strati.

190 4730 239 4781 26.
260 4717 341 4780 iiiii
356 4724 446 4796 μοῦνοι
458 4716 580 4800 Ἀρκάδες
589 4722 673 4777 ταῦτα
685 4720 733 4776 οὐκ
745 4716 864 4787 ἐδέξαντο
875 4718 934 4779 οὐδὲ
1009 4735 1047 4780 id,
1064 4729 1113 4783 sed
1121 4729 1166 4779 soii
1177 4729 1224 4778 iou
1230 4726 1335 4778 Arcades
1346 4740 1394 4777 uon
1406 4738 1528 4791 recepere,
1542 4738 1622 4789 neque
1633 4726 1658 4775 in
1669 4726 1760 4777 bonore

150 4806 280 4885 ἐτίμησαν
290 4805 470 4888 ἀστρολογίην,
481 4807 555 4888 ἀνοίῃ
568 4804 596 4865 δέ
606 4805 652 4865 καλ
661 4805 758 4886 ἀσοφίη
769 4805 875 4885 λέγουσι
888 4808 933 4867 καί
977 4818 1113 4868 babuerunt
1124 4816 1292 4879 astrologiam,
1305 4814 1347 4865 sed
1358 4816 1463 4864 emendo
1473 4814 1578 4877 quodem
1587 4816 1613 4863 et
1623 4814 1760 4877 insipientia

150 4898 197 4965 τῆς
207 4894 341 4968 σελεναίης
349 4894 461 4972 ἔμμεναι
469 4894 674 4977 προγενέστεροι.
977 4902 1457 4969 dieuntipsoseiunoesseontiquiores.

191 4991 239 5043 27.
261 4986 296 5046 Οἱ
309 4981 355 5062 μέν
365 4973 461 5064 ἀννπρδ
470 4983 558 5062 ἡμέων
565 4982 634 5043 ούτω
640 4983 725 5064 κάρτα
732 4974 800 5055 ἦσαν
806 4985 933 5065 φιλομάν-
1009 4998 1047 5044 27.
1064 4992 1167 5055 Maiores
1183 4991 1255 5054 igitur
1272 4991 1348 5041 nostri
1366 4988 1436 5040 vaide
1450 4988 1509 5039 οδω
1522 4988 1675 5038 distortionis
1690 4994 1758 5040 erent

151 5092 217 5141 τιες,
235 5074 260 5129 οἱ
274 5072 302 5130 δέ
322 5076 367 5131 νῦν
382 5075 406 5131 οἱ
426 5070 473 5150 μέν
490 5070 591 5131 αύτέων
610 5069 726 5131 ἀδύνατα
744 5062 811 5130 εἶναι
828 5074 933 5151 λέγουσι
977 5081 1079 5132 studiosi
1092 5096 1098 5129 :
1111 5080 1204 5143 sedqui
1214 5092 1278 5131 nuno
1287 5084 1357 5139 sont,
1369 5078 1458 5141 purtim
1469 5077 1503 5127 iiii
1512 5076 1609 5141 quidem
1622 5075 1673 5125 tisri
1685 5089 1758 5139 posso

153 5153 311 5237 ἀνθρώποισι
326 5160 400 5227 τέλος
415 5160 539 5241 εὕρασθαι
556 5164 683 5236 μαντικῆς
696 5194 736 5205 -
749 5162 779 5219 ού
797 5159 848 5241 γάρ
866 5152 933 5221 ιίναί
950 5172 956 5232 i
977 5172 1064 5232 nemsi
1080 5170 1106 5219 ut
1125 5167 1246 5219 inveniunt
1264 5168 1373 5218 homines
1383 5164 1455 5216 tinem
1466 5169 1607 5227 certumque
1618 5164 1755 5217 mosmos
