3825 5909
167 449 223 500 ²60
519 433 610 494 XXV.
634 431 715 492 nith
736 433 796 493 ΔΕΙ
819 432 999 493 ΙΣΤΟΡΙΑΝ
1021 431 1275 493 ΣΥΓΓΡΑΦΕΙΝ.
1304 441 1354 504 ts,
1371 443 1416 494 15.
1609 433 1664 512 (11,
1680 455 1727 496 ιν-
1742 437 1780 514 aa)

165 565 329 650 ταμιμίχθαι
343 567 395 626 δεῖν
418 567 451 645 τῇ
471 562 574 647 ἱστορίη
592 562 681 644 πάσῃ,
698 564 759 596 *⁴⁸⁴¹*
774 562 843 624 ἀλλά
864 563 881 622 d
905 561 951 622 σθν
997 572 1234 634 omniuojucundum
1244 569 1662 636 admistumesaedeheaehistorias,
1673 575 1732 604 Μ·
1743 576 1788 626 aed

163 653 276 738 ἀληθεία
289 651 387 735 τερπνά
396 653 466 710 ἔστιν
480 653 507 710 έν
515 660 569 719 τοῖς
579 650 667 718 ἀλλοις
680 650 789 710 κάλλεσι
799 657 844 710 τοῦ
859 649 953 729 λόγου,
997 674 1118 724 quaeum
1129 662 1231 712 veritate
1246 660 1353 724 iucunda
1368 661 1468 710 suntin
1479 660 1655 712 aiiisorationis
1665 676 1790 715 ornamen-

166 733 202 802 ῶν
212 741 393 816 ἀμελήσαντες
406 743 429 800 oi
441 738 533 798 πολλοὶ
543 736 576 796 τὰ
589 737 670 817 μηδὲν
682 738 849 820 προσήκοντα
861 739 953 796 έπεισ-
998 749 1045 811 tis,
1063 749 1152 813 qrrihus
1163 749 1278 812 neglectis
1293 749 1403 813 vulgares
1413 749 1449 800 iiii
1459 762 1501 812 ea,
1512 763 1569 813 quar
1579 750 1640 801 nhil
1650 750 1683 802 ad
1692 765 1746 802 mm
1757 752 1789 802 ia·

165 833 313 890 κυκλοῦσιν.
998 838 1078 901 eiuut,
1093 837 1221 889 inculcent

208 929 254 979 14.
277 914 349 994 Ἐγὼ
366 915 388 974 δ’
408 907 452 974 οὖν
470 914 516 974 καί
536 913 698 994 διηγήσομαι
714 913 799 974 ὁπόσα
816 913 955 993 μέμνημαι
1033 931 1069 976 it.
1090 929 1194 990 Jamque
1210 925 1323 991 equidem
1340 927 1443 977 narrabo
1461 940 1519 992 qun
1534 927 1633 978 nanim
1650 929 1789 992 nuperrime

167 1005 276 1086 ἔναγχος
296 1008 323 1064 iv
338 1002 426 1086 Ἰωνίορ
446 1001 615 1084 συγγραφέων
633 1005 720 1076 τινῶν,
741 1001 786 1062 καί
806 1002 837 1074 νὴ
856 1002 908 1064 Δία
928 1004 954 1060 έν
999 1014 1024 1064 in
1044 1015 1112 1065 ionia
1129 1029 1160 1065 er
1179 1015 1299 1066 historicis
1314 1015 1474 1079 quibusdam,
1488 1016 1645 1067 etmeherclc
1655 1017 1680 1066 in
1697 1017 1789 1068 Achaia

168 1093 262 1174 Ἀχαΐα
277 1091 368 1174 πρῴην
384 1089 500 1158 ἀκούσας
511 1091 555 1149 τὸν
567 1089 647 1149 αὐτὸν
662 1095 752 1149 τοῦτον
767 1089 882 1169 πόλεμον
902 1090 955 1162 διη-
999 1116 1096 1166 quoque
1101 1116 1165 1165 ,non
1175 1104 1210 1153 ita
1220 1103 1314 1167 pridem
1321 1101 1490 1167 aodire,idens
1499 1104 1546 1154 hoc
1553 1104 1644 1155 mitum
1651 1107 1788 1157 narratione

165 1181 312 1260 γουμένων·
334 1179 379 1240 καί
402 1177 467 1260 πρὸς
486 1176 609 1260 Χαρίτων
630 1177 721 1256 μηδείς
742 1178 876 1259 ἀπιστήσῃ
901 1182 956 1245 τοῖς
1000 1191 1209 1256 persequentibus.
1241 1194 1435 1255 Etperessoros
1444 1193 1789 1256 Gratiasohsecro,nemohis

167 1267 379 1352 λεχθησομένοις·
397 1265 437 1326 ότι
451 1265 501 1348 γθρ
516 1268 600 1338 ἀληθῆ
615 1268 671 1324 ἐστι
690 1264 739 1326 κᾶν
764 1265 955 1345 ἐπωμοσάμην,
1000 1293 1056 1343 quoe
1065 1280 1177 1330 dicentur
1185 1279 1259 1330 iidem
1268 1279 1385 1343 deneget:
1396 1281 1527 1332 reraenim
1538 1281 1788 1345 essedejmareetiam

168 1363 192 1419 εἰ
205 1359 307 1418 ἀστεῖον
323 1348 353 1428 ήν
367 1354 443 1437 όρκον
461 1353 588 1413 ἐντιθέναι
604 1352 801 1436 συγγράμματι.
843 1345 891 1420 Εἷς
907 1351 955 1433 μέν
1001 1369 1091 1432 possim
1097 1368 1138 1430 ,si
1148 1367 1268 1418 urhannm
1276 1372 1340 1419 esset
1347 1368 1517 1431 iusiurandum
1529 1369 1619 1434 scripto
1628 1370 1787 1434 interponere

170 1471 209 1514 τις
227 1449 312 1506 αὐτῶν
328 1443 381 1503 ἀπὸ
396 1445 509 1503 Μουσῶν
529 1439 601 1509 εὐθὺς
614 1440 712 1520 ἤρξατο
727 1443 891 1525 παρακαλῶν
908 1439 956 1510 τὰς
1001 1459 1070 1506 Unus
1081 1455 1179 1519 quidem
1190 1456 1287 1506 iliorum
1299 1456 1411 1518 aliquisa
1426 1457 1504 1508 hiusis
1517 1458 1598 1507 stetim
1609 1457 1703 1507 initium
1716 1459 1787 1521 iecit,

169 1534 231 1603 θεὰς
253 1531 453 1615 συνεφάψασθαι
480 1534 525 1588 τοῦ
550 1529 763 1611 συγγράμματος.
814 1527 897 1612 Ὁρᾷς
921 1533 956 1596 ὡς
1001 1546 1112 1606 precatus
1130 1541 1202 1602 deas,
1221 1549 1250 1592 ut
1270 1555 1369 1591 manum
1387 1543 1511 1606 scriptioni
1529 1556 1612 1593 smum
1630 1543 1785 1595 admoveant

167 1621 286 1702 ἐμμελὴς
307 1627 324 1692 ἡ
346 1617 484 1702 ἀρχὴκαὶ
505 1617 566 1700 περὶ
587 1617 657 1676 πόδα
677 1620 710 1688 τῆ
734 1615 836 1700 ἱστορίφ
855 1617 957 1698 καὶτῷ
1000 1629 1788 1695 Viden'qunmooncinnumprincipium,etnpteoonrenienshisto·

168 1707 276 1791 τοιούτῳ
285 1707 346 1768 εἴδει
353 1711 404 1766 τῶν
415 1705 499 1784 λόγων
509 1703 662 1787 πρέποντας
676 1680 745 1765 hire
755 1705 847 1786 μικρὸν
858 1703 958 1771 turoth
1001 1719 1058 1781 rin,
1070 1717 1183 1781 quodque
1192 1717 1240 1767 tate
1250 1715 1364 1767 motionis
1373 1729 1449 1779 penus
1460 1717 1574 1768 deceret?
1605 1721 1668 1768 Tum
1676 1719 1788 1782 paullum

169 1799 284 1878 Ἀχιλλεῖ
297 1795 345 1875 μὲν
359 1794 404 1853 τόν
415 1792 542 1874 ἡμέτερον
556 1791 671 1872 ἄρχοντα
684 1791 784 1866 εἴκαζε,
798 1793 915 1874 Θερσίτῃ
928 1791 956 1851 δδ
1001 1819 1143 1870 progressus
1153 1806 1240 1857 Achilli
1251 1805 1349 1868 quidem
1358 1811 1468 1856 nostrum
1480 1805 1611 1868 principem
1622 1806 1789 1870 comparabat,

169 1887 214 1947 τδν
233 1889 285 1946 τῶν
302 1886 414 1965 Περσῶν
435 1879 559 1962 βασιλέα,
577 1883 624 1940 οὐκ
643 1879 716 1948 εἰδὼς
736 1880 776 1940 ότι
793 1885 807 1941 δ
825 1879 959 1960 Ἀχιλλεὺς
1001 1895 1119 1946 Thersite
1134 1899 1215 1945 autem
1230 1907 1310 1956 regem
1321 1897 1463 1956 Persarum,
1475 1893 1571 1955 ignarus
1581 1898 1648 1943 μηςο
1663 1894 1709 1944 sibi
1724 1909 1786 1958 pm.

170 1974 284 2054 ἀμείνων
298 1964 330 2045 ἧν
345 1973 430 2050 αὐτῷ,
445 1972 468 2028 εἰ
483 1965 603 2049 Ἕκτορα
616 1969 717 2047 μᾶλλον
729 1967 746 2040 ἢ
759 1969 892 2051 Θερσίτην
905 1992 958 2028 κα-
1002 1981 1787 2046 stantioremiuhuumiuissehchiiienr,siHectorempotiusquum

169 2062 256 2145 θήρει,
270 2061 317 2122 καί
331 2063 353 2120 εἰ
364 2057 477 2141 πρόσθεν
488 2055 534 2136 μὲν
547 2055 653 2137 ἔφευγεν
667 2052 756 2122 ἐσθλός
766 2078 818 2130 τις,
1002 2071 1129 2122 Thersiten
1147 2071 1322 2132 interemisset,
1337 2068 1394 2120 etsi
1409 2073 1466 2119 ante
1486 2069 1585 2132 quidem
1600 2069 1702 2132 fugisset
1718 2071 1788 2122 fortis

386 2195 620 2260 ουν
1002 2155 1786 2220 ιν

171 2317 230 2390 Εἶτ’
245 2329 341 2403 ἐπῆγεν
354 2317 420 2404 θπέρ
436 2320 516 2380 αθτοῦ
530 2342 556 2378 τι
573 2315 713 2398 ἐγκώμιον,
726 2315 817 2385 καλῶς
833 2314 901 2386 ἄξιοι
917 2315 958 2388 ets,
1002 2347 1049 2397 que
1059 2334 1147 2396 dignus
1158 2333 1191 2383 sit
1202 2332 1303 2394 scriptor
1312 2331 1383 2381 claris
1393 2331 1453 2380 adeo
1464 2329 1536 2381 nehus
1547 2330 1632 2394 gestis.
1663 2278 1787 2383 δείπνοιο

172 2411 322 2494 συγγράψαι
339 2409 387 2478 ric
405 2407 511 2490 πράξειε
528 2405 597 2466 οὕτω
613 2403 740 2486 λαμπρὰς
758 2403 844 2472 οὖσαν·
886 2401 958 2476 Ἤδη
1002 2434 1142 2485 ρευςτειαιυ
1160 2420 1270 2472 mictum
1293 2419 1406 2470 lauhun
1423 2417 1526 2482 panum
1543 2432 1626 2481 suam,
1643 2418 1787 2485 ιυιιιαευυ,

170 2501 199 2562 δέ
208 2499 305 2561 κατιὼν
320 2497 410 2578 έπήνει
424 2495 469 2557 καί
481 2493 530 2567 τήν
540 2493 657 2574 πατρίδα
670 2493 718 2566 τήν
734 2491 864 2566 Μίλητον,
875 2515 959 2572 προσ·
1002 2510 1088 2560 melius
1096 2510 1142 2560 iias
1151 2511 1176 2560 ιη
1186 2508 1300 2559 resapere
1310 2519 1421 2570 sepham
1431 2508 1578 2567 Homerum,
1588 2506 1630 2570 qui
1640 2507 1786 2558 mentionem

168 2589 247 2656 τιθείς
268 2591 303 2654 ὡς
326 2585 432 2663 άμεινον
454 2587 528 2643 ποιοῖ
548 2587 624 2642 τοῦτο
653 2587 701 2640 τοῦ
731 2577 854 2661 Ὀμήρου
876 2577 958 2658 μηδὲν
1002 2597 1216 2659 ρειιὶεειιιιοηιιοαι
1228 2593 1343 2656 iniecerit.
1377 2592 1786 2659 Deindeintineprommiipoiiioe·

171 2675 329 2758 μνησθέντος
339 2678 386 2746 τῆς
398 2669 529 2752 πατρίδος·
563 2661 620 2732 Εἶτ’
634 2668 678 2728 itti
686 2667 755 2728 τέλει
765 2674 810 2728 τοῦ
821 2667 959 2750 προοιμίου
1002 2684 1074 2733 hntur
1084 2683 1182 2732 disertis
1193 2681 1273 2733 verbis
1288 2686 1314 2733 et
1333 2680 1412 2743 ciam,
1431 2695 1457 2732 se
1474 2681 1594 2731 eiutnrnm
1610 2682 1635 2732 in
1652 2683 1730 2746 majus
1748 2697 1787 2735 res

173 2765 324 2845 ὑπισχνεῖτο
338 2759 480 2842 διαρρήδην
493 2757 538 2818 καί
550 2760 653 2839 σαφῶς,
668 2755 712 2814 ἐπὶ
727 2758 813 2833 μεῖζον
824 2755 872 2832 μὲν
887 2757 958 2835 ἀρεῖν
1002 2777 1110 2833 popm,
1122 2770 1237 2820 minores
1255 2774 1350 2832 autem,
1367 2773 1486 2833 qnantum
1505 2770 1531 2819 iu
1549 2784 1576 2820 se
1594 2776 1673 2834 esset,
1686 2771 1749 2821 helio
1761 2777 1788 2823 et

171 2851 207 2912 cd
224 2851 355 2934 ἡμέτερα,
376 2846 436 2915 coh<
455 2845 602 2930 βαρὸἄρῠυς
620 2843 648 2902 δὲ
666 2843 895 2918 καταπολεμήσειν
913 2843 960 2902 καὶ
1002 2860 1083 2924 ipsum
1094 2871 1279 2923 oppressurum:
1291 2863 1363 2921 utque
1372 2857 1500 2921 incipiebat
1509 2857 1556 2908 hoc
1567 2859 1786 2920 modohistorium,

173 2939 264 3014 αὐτὸς,
275 2942 310 3006 ὣς
325 2936 357 2998 θν
372 2937 493 3009 δύνηται·
507 2935 554 2995 καί
567 2930 664 3014 ἤρξατό
677 2955 708 3011 γε
721 2933 768 3003 τῆς
784 2931 899 3012 ἱστορίας
911 2929 956 2990 ot·
1003 2945 1077 2996 simul
1085 2957 1171 2995 causas
1179 2945 1235 2994 helii
1246 2944 1333 3007 incepti
1340 2957 1487 3008 persequens
1496 2958 1503 2993 ι
1513 2964 1525 2989 ι
1534 2946 1787 3008 impurissimusenim

171 3052 239 3106 τοις,
259 3026 331 3086 αίτια
345 3023 403 3104 ἅμα
420 3027 466 3095 τῆς
479 3027 526 3081 τοῦ
540 3019 658 3100 πολέμου
676 3022 761 3102 ἀρχῆς
774 3018 886 3088 διεξιών·
899 3045 912 3071 ν
926 3018 960 3080 Ὁ
1002 3035 1044 3084 iiie
1053 3039 1079 3084 et
1091 3033 1205 3097 pessimis
1216 3033 1334 3096 exemplis
1342 3032 1464 3095 periturns
1475 3032 1624 3097 vologesus,
1642 3033 1730 3085 bellare
1741 3049 1787 3086 om

61 3175 68 3184 ,
172 3116 223 3196 γάρ
235 3113 399 3196 μιαρώτατος
412 3110 461 3171 καί
478 3110 592 3169 κάκιστα
605 3105 781 3186 ἀπολυόμενος
796 3106 960 3186 Οὐολόγεσος
1003 3123 1039 3186 pit
1048 3126 1147 3186 proptor
1157 3134 1255 3172 causam
1266 3120 1396 3184 ejusmodi.

172 3204 269 3287 ἤρξατο
282 3205 407 3279 πολεμεῖν
420 3201 452 3259 δι’
467 3197 552 3258 αἰτίαν
563 3195 674 3256 τοιάνδε.
688 3221 700 3249 ι

215 3301 260 3355 ¹⁶·
283 3281 369 3358 Οὗτος
390 3285 437 3366 μὲν
454 3291 572 3346 τοιαῦτα·
617 3281 729 3366 Ἕτερος
750 3279 778 3343 δὲ
796 3282 958 3345 Θουκυδίδου
1037 3292 1073 3338 ιε.
1090 3286 1135 3336 mc
1149 3284 1248 3350 quinem
1256 3283 1324 3335 ιυιῑυ.
1355 3285 1423 3337 hius
1436 3298 1508 3349 vero,
1525 3286 1787 3351 mmmmm„

173 3379 292 3454 ζηλωτής
302 3377 396 3456 άκρος,
406 3367 457 3443 οἶος
467 3367 496 3434 ed
508 3373 582 3454 μάλα
590 3372 627 3450 τῷ
641 3370 782 3454 ἀρχετύπῳ
792 3371 959 3451 εἰκασμένος,
1003 3373 1197 3426 absolutissimus
1209 3372 1299 3424 scilicet
1310 3374 1336 3424 et
1345 3386 1423 3437 quem
1436 3375 1542 3426 maxime
1553 3375 1586 3426 ad
1604 3377 1728 3440 archetypi
1746 3378 1786 3428 sui

173 3469 219 3529 καί
231 3467 279 3542 τήν
288 3465 372 3549 ἀρχὴν
380 3469 415 3534 ὡς
423 3465 517 3532 ἐκεῖνος
527 3461 573 3522 σὺν
583 3465 620 3542 τῷ
627 3465 721 3520 εαυτοῦ
729 3458 838 3538 ὀνόματι
847 3459 944 3542 ἤρξατο
950 3505 959 3534 ,
1003 3462 1186 3514 similitudinem
1196 3461 1357 3525 compositus,
1368 3461 1465 3512 initium
1475 3463 1560 3514 itidem
1570 3468 1598 3514 ut
1608 3463 1648 3513 iiie
1658 3478 1673 3514 a
1686 3478 1731 3515 suo
1741 3478 1786 3516 uo·

172 3555 349 3640 χαριεστάτην
369 3556 457 3636 ἀρχῶν
479 3553 589 3611 ἁπασῶν
605 3548 651 3609 καί
671 3545 754 3627 θύμου
773 3553 819 3606 τοῦ
842 3549 959 3608 Ἀττικοῦ
1004 3551 1069 3616 mine
1084 3551 1154 3613 iecit,
1172 3550 1375 3613 elegantissimum
1394 3551 1503 3602 omnium
1520 3551 1659 3613 exordium,
1676 3557 1702 3602 et
1719 3554 1785 3617 quod

173 3651 365 3712 amioum
404 3645 479 3728 ’θρα
488 3644 553 3727 γάρ·
562 3672 573 3696 υ
583 3641 734 3725 Κρεπέρῃος
745 3642 961 3723 Καλπουρνιανὸς
1003 3641 1114 3703 thymum
1125 3639 1231 3690 Atticum
1243 3637 1357 3688 redolent.
1389 3641 1453 3688 Ecce
1464 3639 1528 3688 enim
1539 3655 1545 3688 :
1557 3659 1569 3684 ι
1582 3641 1723 3704 crepereius
1732 3641 1788 3692 cai·

174 3734 428 3815 Πομπηϊουπολίτης
448 3731 590 3813 ξυνέγραψε
609 3729 653 3789 τὸν
671 3727 787 3805 πολεμον
808 3731 860 3787 τῶν
883 3731 960 3811 Παρ-
1003 3728 1136 3791 numianus
1146 3726 1394 3790 Pompeiopoiiunus,
1405 3725 1530 3789 descripsit
1541 3727 1632 3779 beilum
1644 3729 1786 3780 Parthorum

175 3825 270 3886 θυαίιον
284 3824 331 3883 καὶ
345 3820 499 3898 Ῥωμαίων,
511 3821 547 3886 ὡς
560 3817 727 3896 ἐπολέμησαν
739 3815 803 3898 πρὸς
815 3816 959 3890 ἀλλήλους,
1004 3818 1029 3867 et
1044 3818 1206 3866 Romanorum
1212 3851 1221 3876 ,
1241 3819 1270 3865 ut
1287 3815 1347 3864 inter
1358 3828 1385 3865 se
1396 3816 1531 3879 pugnarunt
1537 3833 1545 3878 ς
1557 3815 1627 3865 initio
1638 3815 1702 3868 facto
1712 3817 1743 3867 ah
1754 3831 1786 3868 eo

174 3914 315 3997 ἀρξάμενος
325 3905 622 3984 εθθθςξυνισταμίνου.»
662 3901 747 3966 Ὥστε
758 3907 828 3982 μετά
836 3927 866 3982 γε
875 3903 961 3964 τοιού·
1004 3909 1123 3968 tempore,
1133 3917 1182 3967 quo
1191 3902 1320 3952 condatum
1328 3906 1373 3953 est
1384 3921 1398 3946 ι
1414 3903 1716 3967 utposttaieeaoroium,
1727 3906 1786 3969 quid

173 4026 221 4075 την
237 3999 321 4083 ἀρχὴν
331 3997 358 4057 τί
372 3997 404 4056 ἀν
416 4018 456 4055 σοι
467 3992 501 4053 τθι
513 3992 594 4053 λοιπά
606 3991 726 4072 λέγοιμι,
739 3993 816 4051 ὁποῖα
829 3995 856 4050 ἐν
872 3991 962 4074 Ἀρμς.
1003 3992 1095 4055 reliqna
1105 3991 1150 4040 tihi
1161 3991 1252 4054 dicam,
1263 3991 1346 4054 quotes
1357 3991 1382 4040 in
1394 3992 1507 4042 Armenio
1519 3992 1647 4043 conciones
1659 3993 1787 4057 hahuerit,

173 4090 216 4172 νέᾳ
224 4085 405 4167 ἐδημηγόρησε
413 4082 626 4164 τδνΚερκυραῖον
632 4080 710 4140 αὐτὸν
719 4079 815 4161 ῥήτορα
823 4102 960 4161 παραστη-
1003 4080 1028 4130 ln
1046 4079 1152 4130 medium
1169 4077 1287 4142 producto
1298 4080 1352 4143 ipso
1363 4081 1544 4142 corcyrnorum
1556 4085 1666 4131 oratore?
1676 4083 1719 4132 aut
1729 4095 1787 4145 quo·

175 4173 327 4256 σάμινος,ἢ
340 4165 392 4233 οἷον
405 4169 558 4241 Νισιόηνοῖς
567 4167 658 4246 λοιμὸν
667 4168 719 4235 τοῖς
729 4165 765 4246 μή
776 4166 809 4226 τὰ
817 4167 960 4247 Ῥωμαίων
1004 4168 1050 4218 ¹0⁰¹
1062 4167 1197 4227 Nssibfflii,
1208 4167 1251 4230 (issi
1262 4169 1382 4217 littidum
1399 4173 1480 4230 periet
1489 4182 1539 4217 non
1549 4173 1631 4219 esseut
1642 4170 1734 4232 secuti,
1745 4183 1788 4234 pe·

174 4255 540 4348 αίρουμένοιςέπήγαγεπαρά
550 4254 712 4318 Θουκυδίδου
722 4254 889 4337 χρησάμενος
897 4255 959 4315 όλον
1003 4256 1132 4307 siilentiom
1147 4255 1288 4316 immiserit,
1309 4259 1414 4304 annun
1431 4259 1516 4306 mutuo
1533 4255 1658 4307 confertim
1676 4262 1751 4307 totam
1772 4272 1788 4308 a

175 4355 256 4438 άρδην
269 4349 337 4422 πλὴν
350 4346 430 4427 μόνου
442 4351 488 4405 τοῦ
502 4345 671 4423 Πελασγικοῦ
685 4341 730 4402 καί
742 4347 793 4402 τῶν
802 4346 897 4423 τειχῶν
907 4347 959 4405 τῶν
1003 4343 1157 4406 Thucydide,
1172 4347 1275 4406 excepto
1290 4343 1342 4393 soto
1358 4343 1481 4407 Pelasgico
1494 4344 1606 4407 etiougis
1617 4345 1750 4408 muethus,
1762 4345 1788 4396 in

175 4445 293 4524 μακρῶν,
307 4441 333 4498 ἐν
346 4429 383 4504 οίς
392 4439 415 4496 oi
426 4433 485 4494 τότε
495 4431 669 4510 λοιμώξαντες
680 4429 801 4512 ᾤκησανς
811 4427 845 4488 nd
854 4431 876 4489 δ’
889 4429 959 4489 ἄλλα
1002 4432 1091 4497 quibus
1098 4432 1233 4481 habitarunt
1242 4434 1294 4480 turn
1303 4431 1439 4495 pestilentia
1448 4433 1554 4496 correpti
1562 4435 1573 4482 i
1580 4435 1693 4483 ceterum
1702 4439 1726 4484 et
1734 4433 1787 4497 ipsa

174 4531 219 4591 καὶ
227 4528 280 4589 ech
289 4524 425 4592 Αἰθιοπίας
432 4521 529 4604 ἤρξατο
536 4565 544 4594 ,
552 4519 620 4579 ῶστε
627 4519 672 4578 καί
680 4521 706 4586 ές
715 4519 848 4597 Αἴγυπτον
857 4517 956 4591 κατέόη
1002 4521 1123 4584 inceperet
1133 4520 1165 4570 ab
1175 4519 1310 4582 AElhiopid,
1322 4520 1356 4569 ite
1367 4524 1395 4569 ut
1403 4519 1490 4570 deiude
1506 4521 1532 4570 in
1543 4523 1672 4584 AEgyptum
1691 4521 1788 4572 descon-

174 4620 220 4679 καί
234 4621 259 4686 ἐς
274 4615 322 4688 τήν
338 4611 465 4694 βασιλέως
477 4613 526 4689 γῆν
540 4607 589 4680 τήν
604 4605 714 4678 πολλὴν,
729 4605 774 4666 καί
790 4609 817 4664 έν
832 4607 918 4688 ἐκείνῃ
930 4631 961 4688 γε
1002 4609 1084 4670 deret,
1096 4612 1121 4658 et
1130 4608 1156 4658 in
1166 4608 1229 4670 regis
1239 4609 1316 4657 terrm
1327 4607 1457 4670 plurimas,
1469 4612 1494 4659 et
1505 4609 1595 4660 honum
1607 4610 1710 4670 iactum,
1721 4609 1788 4673 qnod

175 4707 275 4788 ἔμεινεν
290 4695 319 4764 τό
330 4705 422 4774 ποιῶν.
464 4696 538 4776 Ἐγὼ
548 4702 611 4777 γοῦν
626 4694 758 4754 θάπτοντα
772 4693 811 4753 έτι
823 4694 898 4754 αθτδν
912 4717 961 4754 κα-
1002 4698 1028 4747 in
1039 4697 1087 4746 iiiia
1097 4695 1194 4746 mansit.
1229 4695 1348 4759 Druidem
1359 4696 1515 4759 sepelientern
1532 4697 1600 4748 iilum
1611 4697 1637 4746 in
1648 4699 1725 4748 itisihi
1743 4698 1787 4748 nri-

174 4792 293 4856 ταλιπὼν
311 4788 370 4858 τοθς
393 4785 495 4854 ἀθλίους
512 4782 659 4858 Ἀθηναίους
681 4785 708 4840 έν
730 4781 822 4843 Neside
843 4783 960 4854 ἀπῆλθον
1002 4797 1070 4837 seros
1081 4784 1239 4834 Athenienses
1250 4783 1386 4848 relinquens
1397 4782 1511 4847 discessi,
1523 4797 1599 4848 quum
1611 4791 1722 4836 aceumte
1732 4799 1787 4836 nos·

175 4881 290 4966 ἀκριάῶς
304 4877 378 4945 εἰδὼς
392 4875 437 4936 καί
451 4875 500 4932 ὅσα
515 4871 670 4938 ἀπελθόντος
681 4873 747 4952 ἐρεῖν
761 4869 862 4948 ἔμελλε.
904 4869 961 4931 Καὶ
1003 4871 1502 4936 seuquaeetiampostmeumdisoessnn
1513 4873 1692 4924 detumuerat.
1725 4877 1787 4925 Nam

175 4969 226 5052 γάρ
241 4961 274 5028 αθ
292 4966 339 5026 καί
354 4969 430 5024 τοῦτο
444 4963 564 5027 ἐπιεικῶς
582 4957 650 5017 πολὺ
667 4963 712 5016 νῦν
732 4959 802 5030 ἐστι,
816 4957 846 5015 τδ
861 4953 960 5016 οἴεσθαι
1003 4974 1087 5012 ουσιαι
1097 4961 1144 5010 hoc
1154 4959 1227 5010 etiam
1244 4957 1316 5011 ratde
1333 4959 1445 5022 hequem
1456 4972 1521 5009 nunc
1532 4964 1585 5020 est,
1597 4959 1632 5008 uti
1644 4961 1730 5023 putent
1741 4960 1788 5010 hoc

175 5056 246 5116 τοῦτ’
267 5045 333 5113 εἶναι
350 5059 403 5118 τοῖς
420 5045 583 5110 Θουκυδίδου
598 5042 701 5113 ἐοικότα
717 5043 811 5120 λέγειν,
830 5045 853 5102 εἰ
873 5041 960 5121 ὀλίγον
1002 5063 1056 5101 esse
1067 5047 1229 5112 Thucydideis
1244 5046 1332 5098 similis
1342 5047 1470 5110 dicere,si
1487 5048 1543 5110 quis
1554 5047 1637 5111 paucis
1649 5048 1786 5099 immutatis

175 5141 299 5224 ἐντρίψας
314 5137 350 5200 τά
364 5141 442 5198 αὐτοῦ
463 5133 561 5195 ἐκείνου
580 5131 653 5211 λέγοι
671 5129 823 5218 τις,[μικρά
836 5132 960 5206 κάκεῖνα,
1002 5139 1055 5202 ipsa
1068 5138 1134 5189 iiiios
1146 5136 1219 5187 rerba
1236 5136 1350 5199 proterat,
1358 5135 1460 5196 [minuta
1470 5138 1496 5185 et
1515 5135 1570 5197 itta,
1583 5138 1610 5186 ut
1627 5134 1680 5198 ipse
1690 5147 1787 5199 quoque

175 5231 246 5298 ὅπως
258 5227 304 5292 καί
317 5225 394 5294 etth
408 5223 440 5284 ἀν
454 5222 547 5305 φαίης,
559 5223 589 5282 οὔ
600 5219 632 5280 δι’
644 5218 726 5294 αὐτήν
740 5217 815 5298 idm}
844 5221 960 5282 Κάκεῖνο
1002 5226 1166 5290 ᾱὶιετίε,ιιοιι
1179 5260 1185 5275 .
1199 5261 1206 5274 .
1221 5260 1227 5274 .
1241 5224 1354 5292 propria}
1372 5221 1435 5274 iilud
1452 5235 1539 5288 parurn
1552 5223 1704 5288 aheratquin
1719 5221 1788 5274 omit·
