3825 5909
138 467 330 548 nummu
584 465 699 528 xnvr.
726 465 1110 528 icluouuurnrus.
1138 478 1287 528 ιιι-ιο.
1687 485 1743 535 nra

130 603 155 662 οί
175 597 219 659 ἐπί
235 601 284 677 γῆς
303 593 428 677 χορευταί
445 597 498 658 κάκ
511 595 634 668 τοιαύτης
647 595 824 678 ἀναρμοστίας
837 599 852 654 ό
865 600 917 656 τῶν
960 604 1600 666 cantatores,elextaliinconcinnitaterilaliominum
1608 614 1747 660 constructa

131 685 275 769 ἀνθρώπων
292 685 346 765 βίος
361 683 547 762 συντέτακται,
561 687 591 744 σθ
602 684 680 764 μόνον
697 684 792 767 ἀπῳδθι
805 690 917 766 φθεγγο-
961 700 1013 754 est,
1024 707 1073 743 non
1083 705 1159 744 voces
1172 691 1245 743 modo
1258 693 1369 744 dissonas
1380 695 1517 757 edentium,
1530 697 1574 747 sed
1587 697 1663 760 figura
1674 699 1747 749 etiarn

132 775 227 854 μένων,
244 772 313 834 ἀλλά
327 772 373 832 καί
393 772 522 851 ἀνομοίων
537 771 572 831 τδι
591 773 719 854 σχήματα
733 773 779 833 καί
793 773 918 833 τάναντία
961 785 988 831 et
999 782 1082 832 habitu
1090 781 1543 847 dissimilium,‹untrarioquasomotu
1552 788 1750 848 mouentium,et

130 860 290 941 κινουμένων
303 859 349 920 καί
362 859 456 920 ταύτὸν
471 858 544 920 οὐδὲν
555 859 737 940 ἐπινοούντων,
750 860 813 943 ἀχρι
827 860 859 920 ἀν
871 863 919 920 αύ-
961 870 1021 919 nihil
1037 869 1102 920 idem
1117 869 1288 932 cogitantium,
1307 869 1383 920 donec
1398 885 1595 936 unumquemque
1608 874 1703 926 illorum
1718 876 1749 926 de

130 955 183 1010 τῶν
194 949 305 1009 ἕκαστον
317 953 332 1008 ὁ
347 948 460 1030 χορηγὸς
475 948 597 1028 ἀπελάσῃ
606 954 654 1020 τῆς
666 954 763 1021 σκηνῆς
774 949 861 1010 οὐκέτι
870 951 920 1010 δεῖ·
962 972 1034 1009 scena
1047 959 1165 1021 chomgus
1179 959 1271 1021 exigat,
1287 973 1336 1008 non
1346 960 1450 1022 amplius
1463 961 1505 1010 illo
1518 975 1580 1024 opus
1591 975 1645 1012 esse
1656 964 1749 1014 diceus.

131 1044 192 1098 σθαι
205 1038 298 1116 λέγων·
312 1039 461 1097 τούντεῦθεν
476 1037 504 1096 δέ
522 1035 607 1114 ὅμοιοι
617 1035 713 1106 πάντες
728 1037 779 1109 ἤδη
794 1041 918 1096 σιωπῶν·
963 1047 1000 1098 ΑΙ)
1018 1060 1048 1097 eo
1063 1047 1120 1097 inde
1138 1049 1247 1111 tempore
1266 1047 1358 1098 similes
1371 1061 1455 1098 omnes
1470 1048 1521 1111 iam
1537 1054 1658 1112 iacentes,
1671 1065 1752 1114 neque

130 1151 187 1201 τες,
206 1125 293 1186 ούκέτι
310 1123 359 1197 τήν
377 1128 499 1206 συμμιγῆ
519 1123 620 1196 ἐκείνην
641 1125 686 1184 καί
707 1123 822 1185 ἄτακτον
847 1123 918 1208 ᾠδήν
963 1136 1068 1199 amplius
1086 1136 1214 1186 conlusum
1228 1135 1298 1187 illurn
1315 1141 1340 1186 et
1355 1136 1517 1186 inordinatum
1533 1140 1631 1189 cantum
1647 1138 1752 1189 invicem

131 1216 285 1298 ἀπᾴδοντες.
327 1213 396 1274 Ἀλλ’
414 1216 441 1272 ἐν
462 1215 535 1294 αὐτῷ
549 1237 578 1293 γε
599 1214 711 1296 ποικίλῳ
730 1213 776 1273 καί
789 1215 921 1274 πολυειδεῖ
963 1224 1098 1275 turbantes.
1130 1226 1223 1274 Verum
1234 1225 1259 1274 in
1269 1225 1323 1288 ipso
1333 1225 1380 1274 lroc
1390 1225 1458 1274 vario
1469 1226 1646 1276 etmultllormi
1657 1226 1752 1277 theatro

123 1309 170 1386 ,τῷ
187 1302 288 1386 θεάτρῳ
302 1299 454 1381 πάνταμὲν
473 1303 563 1379 γελοῖα
580 1301 709 1374 δήπουθεν
727 1293 759 1376 ἧν
778 1302 812 1361 τθι
830 1302 920 1381 γιγνό-
963 1312 1065 1363 ridicula
1075 1313 1256 1375 sdllcetemnt,
1268 1327 1324 1377 qum
1334 1314 1433 1376 tierent,
1443 1314 1539 1364 omnia:

166 1415 207 1451 να’
556 1447 562 1458 ,

131 1415 220 1542 μἑιίί.
243 1479 360 1557 μάλιστα
379 1476 407 1537 δέ
435 1478 476 1538 ἐπ’
493 1477 598 1546 ἐκείνοις
614 1477 691 1560 ἐπήει
711 1503 756 1557 μοι
775 1481 854 1558 γελᾶν
868 1480 921 1546 τοῖς
997 1495 1034 1542 le.
1052 1490 1158 1541 maxime
1175 1503 1234 1541 vero
1251 1491 1306 1541 illos
1320 1490 1399 1541 ridere
1417 1491 1504 1554 subiit,
1516 1492 1601 1556 quide
1616 1495 1688 1543 terrm
1699 1492 1753 1543 lini·

131 1567 193 1650 περί
203 1572 250 1645 γῆς
265 1565 332 1648 όρων
345 1566 456 1648 ἐρίζουσι
467 1567 513 1626 καί
524 1568 577 1634 τοῖς
590 1565 659 1646 μέγα
672 1573 807 1649 φρονοῦσιν
824 1566 868 1626 ἐπί
882 1572 921 1646 τῷ
964 1579 1011 1628 hus
1025 1579 1189 1643 contendunt,
1207 1580 1288 1643 etqui
1303 1581 1383 1643 magui
1397 1581 1444 1630 sibi
1459 1580 1573 1632 videntur
1585 1595 1628 1643 eo,
1643 1581 1708 1646 quod
1719 1583 1753 1633 si·

130 1657 162 1717 τδ
176 1655 318 1718 Σικυώνιον
338 1655 426 1715 πεδίον
444 1664 569 1738 γεωργεῖν
588 1655 605 1726 ἢ
621 1659 784 1738 Μαραθῶνος
802 1655 873 1736 ἔχειν
887 1655 921 1714 τὰ
964 1666 1078 1730 cyonium
1089 1680 1203 1730 campum
1212 1671 1339 1730 exercent,
1350 1672 1393 1719 aut
1400 1669 1549 1719 Marathonis
1558 1683 1587 1719 ea
1598 1669 1689 1719 nauem
1697 1683 1754 1733 qum

130 1769 182 1830 περ
205 1744 253 1817 τὴν
265 1743 362 1817 Οἰνόην
376 1741 394 1815 ἢ
407 1744 550 1824 Ἀχαρνῆσι
567 1743 668 1826 πλέθρα
681 1747 824 1816 κεκτῆσθαι
837 1743 921 1824 χίλια·
964 1758 1022 1804 sunl
1037 1754 1117 1804 vicina
1131 1757 1231 1816 OEnuae,
1244 1758 1286 1804 aul
1301 1755 1511 1818 Acharnisjugera
1524 1756 1589 1805 mille
1604 1756 1749 1820 possident:

130 1839 178 1906 τῆς
190 1838 251 1913 γοῦν
262 1831 392 1900 Ἑλλάδος
406 1830 482 1905 όλης,
493 1835 528 1900 ὡς
541 1829 600 1891 τότε
611 1855 656 1909 μοι
677 1829 776 1890 ἀνωθεν
791 1831 921 1914 ἐφαίνετο,
968 1856 1045 1906 quum
1057 1843 1122 1893 enlm
1131 1843 1258 1906 universa,
1268 1847 1297 1893 ut
1306 1846 1363 1893 lunc
1371 1843 1431 1893 milri
1442 1857 1472 1894 ex
1483 1844 1532 1894 alto
1543 1843 1678 1907 ridebatur,
1688 1848 1753 1895 (ἶσαι-

134 1919 271 1981 δακτύλων
281 1919 360 1992 οὔσης
368 1919 399 1978 τὸ
410 1921 516 1998 μέγεθος
522 1918 653 2001 τεττάρων
664 1918 824 1999 κατὰλόγον,
834 1911 922 1998 οἶμαι,
964 1931 1003 1981 cia
1013 1933 1128 1994 qruattuor
1137 1931 1225 1994 digitos
1235 1932 1284 1982 lata
1293 1936 1371 1994 esset,
1383 1945 1427 1995 pro
1437 1933 1559 1996 portione,
1569 1933 1663 1996 opinor,
1676 1932 1754 1983 Attica

131 2015 149 2082 ἡ
175 2007 279 2080 Ἀττικὴ
301 2007 526 2089 πολλοστημόριον
548 1999 588 2081 ήν.
638 2007 722 2068 Ὥστε
739 2006 864 2082 ἐνενόουν,
882 2008 921 2090 ἐφ’
964 2020 1072 2083 aliquota
1082 2019 1113 2070 de
1126 2020 1237 2084 plurimis
1248 2033 1304 2084 pars
1316 2025 1377 2071 erat.
1410 2021 1550 2083 cogitabam
1561 2021 1634 2084 igilur
1651 2021 1754 2084 quantil-

131 2096 222 2179 όπόσιρ
230 2105 284 2164 τοῖς
295 2095 427 2164 πλουσίοις
435 2095 536 2164 τούτοις
547 2094 615 2174 μέγα
628 2104 729 2177 φρονεῖν
741 2095 920 2156 κατελείπετο·
965 2108 1016 2158 lum
1026 2110 1092 2159 esset
1100 2108 1126 2158 in
1135 2122 1184 2172 quo
1196 2108 1317 2159 divitibus
1334 2109 1396 2169 illis,
1408 2113 1438 2159 ιιί
1451 2109 1530 2172 magni
1542 2109 1589 2160 sibi
1605 2109 1754 2169 riderentur,

133 2185 226 2265 σγεδὸν
236 2183 287 2266 γάρ
297 2188 311 2243 ὁ
320 2183 562 2264 πολυπλεθρότατος
572 2187 658 2243 αὐτῶν
668 2183 731 2262 μίαν
740 2187 791 2242 τῶν
802 2184 923 2244 'Eulaeu-
965 2197 1154 2261 relinqueretur:
1168 2197 1217 2248 lere
1227 2198 1307 2260 enim,
1320 2198 1363 2260 qui
1372 2197 1577 2260 illorumplurima
1584 2198 1668 2261 jugera
1678 2198 1754 2262 possi·

134 2274 209 2356 ρείων
221 2271 326 2350 ἀτόμων
341 2271 425 2333 ἐδόκει
440 2296 484 2350 μοι
498 2277 632 2419 γεωργεῖν.
675 2271 879 2354 Ἄποόλέψαςδὲ
889 2271 921 2344 δὴ
966 2285 1021 2347 det,
1034 2299 1106 2336 unam
1118 2285 1149 2336 de
1163 2286 1261 2349 Epicuri
1273 2286 1361 2340 atomis
1376 2286 1437 2336 mini
1448 2285 1575 2336 videbatur
1587 2287 1677 2338 colere.
1709 2290 1755 2336 De·

133 2363 180 2422 καί
196 2364 220 2428 ἐς
237 2359 284 2434 τήν
304 2359 515 2435 Πελοπόννησον,
535 2385 592 2420 ετα
606 2359 655 2433 τήν
673 2360 852 2442 Κυνοσουρίαν
871 2365 921 2437 γῆν
967 2374 1071 2438 spiclens
1081 2380 1163 2424 σιτίσαι
1182 2375 1207 2424 in
1224 2374 1417 2438 Peloponnesum
1429 2389 1540 2439 quoque,
1551 2375 1753 2438 necynosurlam

133 2449 196 2512 ἰδὼν
212 2449 376 2528 ἀνεμνήσθην
389 2449 451 2532 περί
467 2448 529 2509 ὅσου
543 2449 657 2531 χωρίου,
673 2449 732 2509 κατ’
751 2447 823 2510 οὐδέν
842 2451 924 2529 lipo-
966 2462 1053 2514 deinde
1062 2467 1150 2514 terram
1160 2461 1472 2526 ridens‚reoonlatussum
1483 2462 1514 2514 de
1525 2463 1643 2527 quentilla
1650 2464 1755 2526 regione,

132 2537 210 2598 πτίοιι
223 2544 307 2618 φακοῦ
319 2537 495 2618 πλατυτέρου,
510 2545 628 2597 τοσοῦτοι
640 2537 734 2596 ἔπεσον
747 2537 868 2620 Ἀργείων
878 2537 924 2597 καί
966 2563 1022 2614 quae
1033 2551 1098 2600 lente
1109 2551 1221 2614 rngplia
1231 2550 1302 2600 latior
1313 2564 1362 2600 non
1373 2550 1505 2614 rideretur,
1520 2553 1560 2602 tol
1577 2552 1720 2615 Argirmum
1731 2556 1758 2604 el

134 2625 351 2705 Λακεδαιμονίων
367 2637 429 2705 μιᾶς
442 2626 552 2710 ἡμέρας.
594 2625 649 2687 Καί
662 2623 716 2704 μήν
730 2631 753 2685 εί
771 2649 830 2685 τινα
841 2625 924 2704 ίδοιμι
967 2638 1204 2689 lacedaemoniorum
1215 2637 1255 2693 die
1267 2652 1316 2688 uno
1326 2637 1466 2689 ceciderint.
1509 2638 1687 2688 verumetiam
1698 2652 1758 2688 auru

134 2716 179 2776 ἐπί
188 2719 280 2797 χρυσῷ
289 2714 356 2796 μέγα
364 2722 507 2797 φρονοῦντα
515 2761 522 2788 ,
530 2714 570 2774 ὅτι
578 2714 764 2781 δακτυλίουςτε
776 2704 845 2794 εἶχεν
854 2713 924 2774 ὀκτὼ
967 2727 1014 2776 sihi
1023 2727 1158 2789 placentem
1170 2727 1191 2776 si
1203 2739 1276 2789 quem
1284 2726 1406 2786 viderem,
1417 2725 1483 2789 quod
1494 2725 1580 2776 anulos
1591 2725 1691 2778 hanuet
1701 2731 1758 2777 octo

133 2805 180 2865 καὶ
193 2804 290 2887 φιάλας
304 2802 447 2886 τέτταρας,
461 2803 530 2863 πάνυ
548 2803 595 2863 καί
606 2803 652 2862 ἐπί
668 2801 754 2885 τούτῳ
767 2801 798 2862 ἀν
818 2802 923 2884 ἐγέλων·
968 2819 992 2864 et
1009 2815 1103 2878 phialas
1117 2819 1240 2877 quattuor,
1255 2814 1410 2865 vehemenler
1430 2815 1606 2877 huncquoque
1623 2814 1731 2865 ridebam
1749 2830 1755 2863 :

134 2893 164 2954 τὸ
182 2894 234 2975 γάρ
255 2893 393 2974 Πάγγαιον
406 2893 466 2953 ὅλον
479 2895 567 2962 αὐτοῖς
577 2892 717 2972 μετάλλοις
727 2897 879 2976 κεγχριαῖον
891 2884 923 2965 ήν
968 2906 1087 2965 Pangaeus
1097 2903 1163 2953 enirn
1174 2903 1242 2953 totus
1252 2916 1309 2953 cum
1323 2902 1428 2952 metallis
1443 2915 1545 2966 gramm
1562 2902 1623 2952 milii
1638 2903 1759 2966 maguitu-

134 2981 165 3042 τὸ
180 2983 296 3062 μέγεθος.
968 2991 1025 3041 dine
1036 2991 1157 3055 aequabat.

178 3083 222 3132 19.
245 3073 370 3132 E'l'lli’.
392 3061 430 3131 Ὦ
445 3070 560 3153 μακάριε
574 3070 698 3131 Μένιππε
711 3075 759 3143 ιη”ς
773 3069 923 3153 παραδόξου
1002 3085 1038 3130 19.
1055 3083 1126 3131 SOI).
1143 3082 1164 3131 0
1179 3079 1250 3130 beate
1266 3080 1377 3143 Menippe
1399 3078 1549 3129 admirabilis
1566 3079 1696 3142 spectaculi
1717 3093 1757 3128 no·
1798 3098 1806 3117 ·

136 3157 207 3227 θέας.
250 3163 284 3221 Αἱ
297 3158 325 3218 δέ
340 3156 372 3232 δή
386 3159 475 3226 πολεις
487 3159 553 3242 πρὸς
569 3158 630 3226 Διὸς
644 3158 690 3217 καί
705 3162 729 3217 ol
744 3159 834 3240 ἄνδρες
848 3158 923 3218 αὐτοὶ
968 3169 1046 3220 mine!
1059 3169 1244 3228 Urbesautem,
1262 3181 1305 3232 per
1317 3181 1361 3231 ego
1372 3172 1396 3218 te
1410 3170 1514 3229 Joucm,
1525 3171 1551 3218 et
1560 3167 1606 3232 ipsi
1616 3167 1662 3217 riri
1674 3168 1758 3228 quanti

136 3246 246 3320 πηλίκοι
261 3245 422 3329 διεφαίνοντο
435 3247 505 3318 άνω;
968 3272 1073 3322 superne
1082 3257 1243 3307 ridebantur?

176 3337 267 3395 ΜΕΝ·
289 3324 376 3413 Οἶμαί
397 3356 426 3393 σε
440 3331 567 3400 πολλάκις
587 3332 638 3406 ἤδη
659 3332 806 3415 μυρμήκων
827 3333 926 3415 ἀγορὰν
999 3349 1075 3397 ΜΕΝ.
1091 3349 1154 3395 Puto
1162 3344 1213 3405 jam
1225 3357 1289 3407 saepe
1300 3345 1324 3394 te
1334 3343 1488 3393 formicarum
1499 3342 1579 3391 lorum
1588 3339 1694 3404 vidisse,
1706 3341 1757 3391 dis·

136 3421 290 3504 έορακέναι,
308 3421 368 3490 τούς
387 3419 434 3500 μὲν
454 3420 630 3499 εἰλουμένους,
649 3421 731 3488 ἐνίους
752 3419 780 3480 δέ
798 3420 926 3493 ἐξιόντας,
968 3439 1090 3487 cumulos
1106 3435 1130 3483 in
1142 3434 1226 3484 orbem
1238 3433 1312 3494 alias,
1329 3432 1388 3482 alins
1404 3433 1536 3490 exeuntes,
1554 3429 1614 3480 alins
1630 3429 1760 3481 redeuntes

136 3508 238 3591 ἐτέρους
256 3509 283 3569 δέ
298 3508 451 3578 ἐπανιόντας
466 3499 537 3576 α’ύθις
558 3511 594 3576 εἰς
611 3506 660 3581 τήν
674 3508 762 3568 πολιν·
784 3508 830 3569 καί
849 3512 864 3568 θ
879 3507 926 3586 μέν
969 3536 1054 3573 rursus
1064 3522 1090 3571 in
1101 3521 1234 3586 oppidum:
1248 3523 1321 3584 atque
1332 3520 1379 3569 aliu
1388 3524 1481 3570 stercus
1493 3517 1583 3580 egerit,
1597 3518 1644 3568 alin
1659 3522 1758 3582 ruptum

136 3622 175 3665 τις
187 3597 236 3670 τήν
250 3597 347 3680 κόπρον
359 3598 471 3681 ἐκφέρει,
489 3601 503 3656 ὁ
517 3595 545 3656 δὲ
557 3595 679 3678 ἀρπάσας
691 3597 768 3656 ποθέν
782 3594 800 3668 ἢ
819 3597 922 3676 κυάμου
970 3611 1139 3673 undecumque
1152 3613 1196 3660 aut
1207 3609 1269 3659 labae
1280 3608 1409 3670 corticem,
1418 3611 1462 3656 aul
1474 3606 1582 3656 triticum
1591 3605 1759 3666 dimidiatum,

136 3685 215 3754 λέπος
226 3686 244 3759 ἢ
254 3693 337 3768 πυροῦ
348 3687 479 3766 ἡμίτομον
493 3689 533 3744 θεῖ
542 3684 636 3768 φέρων.
660 3684 775 3752 Εἰκδςδὲ
786 3674 851 3744 εἶναι
862 3685 925 3767 παρ’
969 3711 1026 3749 cnm
1036 3699 1077 3748 illo
1087 3697 1171 3748 currit
1202 3695 1340 3748 verisimile
1352 3698 1391 3746 est
1401 3700 1483 3746 autem
1495 3708 1548 3746 esse
1559 3693 1624 3758 apud
1635 3693 1702 3757 illas,
1714 3707 1760 3758 pro

138 3776 226 3842 αὐτοῖς
239 3774 309 3834 κατθ
323 3774 399 3852 λόγον
413 3779 460 3833 τοῦ
476 3772 622 3855 μυρμήκων
640 3772 697 3852 βίου
712 3773 758 3832 καί
772 3771 924 3852 οἰκοδόμους
969 3787 1081 3852 portione
1093 3787 1151 3836 vitae
1163 3785 1331 3845 formicarum,
1340 3788 1366 3834 et
1376 3783 1521 3833 architectos
1530 3782 1664 3846 quosdam,
1675 3787 1702 3833 et
1717 3795 1759 3846 pn

136 3859 209 3930 τινθις
221 3861 267 3922 καί
281 3863 456 3943 δημαγωγούς
464 3862 511 3921 καί
519 3861 659 3942 πρυτάνεις
668 3861 714 3920 καί
726 3861 866 3939 μουσικοὺς
881 3862 927 3921 καί
969 3875 1020 3939 puli
1031 3875 1120 3935 duces,
1133 3879 1157 3924 et
1168 3878 1306 3935 senatores,
1318 3877 1343 3923 et
1354 3872 1474 3932 musieos,
1482 3876 1508 3921 et
1517 3871 1681 3935 philosophos.
1713 3875 1759 3920 ve·

138 3949 304 4033 φιλοσόφους.
328 3950 405 4024 Πλὴν
424 3949 455 4010 αί
473 3974 504 4030 γε
523 3949 613 4016 nolit<
635 3949 722 4016 αὐτοῖς
740 3948 851 4031 ἀνδράσι
868 3959 926 4017 ταῖς
970 3977 1025 4014 rum
1034 3964 1087 4027 ipsa
1097 3976 1154 4012 cum
1171 3962 1223 4012 suis
1233 3962 1292 4011 viris
1307 3960 1397 4024 oppida
1407 3959 1538 4010 formicetis
1555 3959 1662 4010 maxime
1671 3958 1761 4013 similia

138 4041 301 4119 μυρμηκιαῖς
310 4037 427 4114 μάλιστα
437 4036 563 4119 ἐῴκεσαν.
576 4039 610 4097 Εἰ
620 4035 649 4095 δέ
658 4059 699 4096 σοι
711 4038 785 4098 δοκεῖ
793 4036 886 4120 μικρὸν
897 4037 927 4096 τδ
970 4055 1047 4102 mant.
1071 4051 1163 4101 sivero
1172 4062 1247 4114 parra
1257 4049 1302 4099 tibi
1311 4049 1422 4100 videatur
1431 4048 1593 4112 comparatio,
1603 4047 1711 4098 conse-re
1720 4047 1761 4097 lio

137 4126 321 4208 παράδειγμα,
336 4127 366 4185 τί)
381 4125 530 4208 ἀνθρώπους
542 4124 693 4206 ῑῖκᾶσαῑτῇ
710 4123 858 4208 μυρμήκων
874 4150 927 4185 πο-
972 4141 1050 4191 mines
1062 4140 1217 4190 formicarum
1229 4137 1336 4200 civitati,
1354 4138 1467 4202 antiquas
1482 4137 1654 4188 Thessalorum
1666 4135 1761 4185 labulas

139 4213 242 4296 λιτείφι,
256 4213 315 4283 τοὺς
336 4213 464 4283 παλαιούς
479 4213 574 4292 μύθους
589 4213 729 4296 ἐπίσκεψαι
747 4219 799 4274 τῶν
817 4215 924 4275 Θεττα-
971 4228 1096 4279 corraidera
1117 4243 1123 4277 :
1143 4229 1252 4278 invenies
1273 4227 1338 4278 enim
1356 4224 1534 4289 Myrmidonas,
1555 4223 1760 4288 pugnacissimam

137 4303 201 4361 λῶν·
216 4301 337 4385 εὑρήσεις
350 4302 402 4383 γὰρ
416 4301 477 4371 τοίις
491 4300 675 4384 Μυρμιδόνας,
690 4301 720 4361 τὸ
737 4301 927 4383 μαχιμύνιατον
971 4323 1082 4380 gentem,
1101 4317 1212 4366 homines
1230 4330 1262 4367 ex
1277 4314 1385 4366 formicis
1406 4318 1482 4364 ortos.
1522 4315 1603 4371 Quum
1621 4324 1678 4374 ergo
1699 4311 1760 4360 sads

139 4392 231 4473 φῦλον,
245 4393 277 4449 ἐκ
291 4390 438 4471 μυρμήκων
450 4387 545 4471 ἀνδρας
560 4387 707 4469 γεγονότας.
725 4389 837 4462 Ἐπειδὴ
851 4391 872 4449 δ’
883 4381 927 4450 ούν
971 4406 1111 4455 omniavisa
1123 4405 1184 4455 mihi
1193 4405 1283 4468 pariter
1293 4417 1322 4453 ae
1333 4403 1414 4453 derisa
1424 4406 1519 4461 essent,
1531 4413 1650 4450 concusso
1656 4412 1757 4462 corpore

140 4479 228 4538 πάντα
238 4477 492 4560 ίκανῶςὲύρατοκαί
501 4476 710 4557 κατεγεγέλαστό
722 4501 776 4556 μοι,
794 4478 929 4546 διασείσας
971 4491 1159 4544 erolaridomos

140 4567 256 4645 ἐμαυτόν
270 4567 422 4646 ἀνεπτόμην

235 4710 324 4774 δώματ’
337 4708 623 4774 ίςαίγιύχοιοΔιδςμετὰ
635 4707 747 4770 δαίμονας
759 4707 850 4764 ἄλλους.
1025 4711 1127 4758 arlioris
1136 4708 1486 4768 agisonlpouoetaranunlm
1494 4707 1583 4753 dlrdm.

183 4843 231 4894 20.
248 4831 333 4894 Οὔπω
343 4832 447 4892 στάδιον
458 4830 625 4903 ἀνεληλύθειν
637 4829 709 4902 καὶὴ
723 4828 827 4901 Σελήνη
837 4851 928 4908 γυναι·
1005 4843 1044 4887 20.
1067 4834 1176 4885 Stadium
1195 4831 1304 4882 nondum
1328 4831 1494 4891 evolaveram,
1519 4842 1596 4893 quum
1618 4827 1761 4883 muliebrem

141 4920 218 4981 κείαν
229 4920 317 5003 φωνήν
328 4919 486 5002 προϊεμένη,
496 4919 634 4991 Μένιππε,
647 4917 735 5002 φησίν,
748 4915 829 4986 ούτως
843 4915 929 4992 όναιο,
974 4926 1043 4975 Luna
1053 4935 1139 4973 rocem
1149 4921 1277 4983 emittens,
1288 4920 1414 4983 Menippe,
1429 4918 1522 4982 inquit,
1534 4917 1569 4967 ita
1580 4915 1625 4966 libi
1635 4915 1697 4966 bene
1706 4929 1761 4965 suc·

142 5007 299 5081 διακύνησαί
313 5009 358 5088 μοί
368 5033 393 5068 τι
408 5006 472 5091 πρὸς
484 5008 529 5068 τδν
544 5006 605 5068 Δία.
621 5007 714 5086 Λέγοις
728 5004 769 5079 ἀν,
783 4998 815 5078 ήν
828 5005 851 5064 δ’
867 5003 927 5083 ἐγώ·
974 5010 1055 5063 uedatl
1064 5009 1240 5066 ministramihl
1249 5008 1407 5074 apudtovem
1417 5005 1516 5070 aliquid.
1532 5004 1637 5066 Dixeris,
1644 5004 1760 5067 inquam:

145 5095 213 5177 βαρύ
228 5096 281 5178 γὰρ
294 5095 377 5169 οὐδὲν,
388 5094 421 5168 ἢν
434 5095 472 5174 μή
485 5119 512 5154 τι
526 5095 612 5177 φέρειν
627 5093 682 5175 δέῃ.
698 5091 856 5174 Πρεσύείαν,
870 5091 929 5173 ἐφη,
951 5109 954 5152 i
974 5098 1033 5149 nihil
1043 5099 1108 5149 enim
1119 5111 1190 5162 grave
1200 5101 1250 5159 est,
1269 5098 1316 5147 nisi
1327 5096 1388 5147 loric
1404 5094 1529 5146 serendum
1540 5092 1631 5158 aliquid
1647 5091 1687 5143 sit.
1719 5094 1760 5146 Le

143 5183 203 5244 τινὰ
218 5187 246 5244 ού
259 5183 380 5265 χαλεπήν
398 5183 444 5243 καί
463 5183 551 5257 δέησιν
570 5182 711 5263 ἀπένεγκαι
726 5183 788 5265 παρ’
808 5185 872 5261 ἐμοῦ
893 5183 931 5261 τῷ
974 5188 1108 5251 gallonem,
1122 5187 1214 5251 inquit,
1227 5200 1275 5238 uon
1286 5185 1421 5246 difficilem,
1434 5188 1459 5234 et
1477 5195 1559 5247 preces
1570 5181 1637 5233 deler
1648 5193 1663 5231 a
1673 5194 1713 5232 me
1729 5179 1762 5234 ad

145 5273 197 5336 Διί·
218 5271 351 5354 ἀπείρηκα
368 5272 419 5356 γάρ
440 5273 502 5347 ήδη,
523 5271 660 5344 Μένιππε,
678 5269 764 5331 πολλθι
789 5269 836 5330 καί
857 5266 928 5328 δεινθ
975 5279 1070 5326 iovem.
1103 5275 1246 5326 Patientiam
1263 5274 1328 5326 enim
1346 5273 1482 5335 oumurnsi,
1501 5271 1626 5336 Menippe,
1647 5281 1760 5331 omnem,

255 5389 373 5426 numanus.
390 5389 404 5424 l·
1628 5369 1655 5412 ³8
