3825 5909
188 413 244 464 κεν
633 389 750 451 XLIV.
778 386 891 447 ΖΕΥΣ
919 385 1168 469 ΤΡΑΓῼΔΟΣ.
1196 394 1233 444 tl
1249 394 1351 447 -aa
1602 386 1658 464 (ll,
1676 391 1791 467 era-su)

188 533 274 612 ἐφεῖτο
289 528 318 585 ἐκ
331 529 377 584 τοῦ
390 521 470 600 νόμον
482 518 649 600 δημηγορεῖν,
663 515 726 582 ἐσως
739 513 771 573 ἀν
783 505 855 573 εἶπόν
869 536 895 572 τι
908 511 976 593 ξυμ·
994 546 1001 649 γ
1018 520 1088 572 nobis
1099 520 1245 584 permissum
1260 520 1312 583 lege
1326 523 1393 571 essct
1408 519 1555 582 mudeuurt,
1567 520 1630 571 torte
1645 521 1746 573 donem
1759 525 1794 575 all·

188 616 264 699 φέρον
278 617 303 681 ἐς
314 612 362 684 τήν
377 609 521 690 διάσκεψιν.
1018 607 1076 672 quid
1089 607 1148 658 nub
1158 608 1190 658 ad
1199 612 1306 657 nostram
1315 607 1522 658 deliberationem.

229 704 329 766 bltlbl.
353 699 388 760 ‘ll
402 697 449 776 μὲν
464 695 567 776 seips,
579 683 601 752 ὦ
613 689 752 764 Ἄπολλον,
770 689 838 749 Οὕτω
853 687 912 770 περἐ
929 711 977 766 με·
1050 707 1131 756 ΜΟΜ.
1149 705 1308 766 Debhemtio,
1324 704 1423 770 Apollo,
1440 705 1500 756 adeo
1516 705 1547 757 de
1560 708 1656 771 magaria
1668 709 1738 759 rebus
1752 715 1796 768 eal,

189 793 287 874 γάλων,
301 789 370 848 ὥστε
385 785 422 866 μὴ
437 784 495 844 καθ’
507 781 621 855 ἡλικίαν,
639 778 708 840 ἀλλά
722 779 806 838 κοινὸν
821 778 906 837 ἅπασι
915 800 979 858 προ·
1021 797 1049 843 nt
1059 806 1109 842 uon
1119 795 1254 843 secuudum
1266 798 1377 854 aeteoem,
1390 793 1433 843 sed
1444 793 1579 844 eommunis
1591 794 1704 845 omuibus
1713 795 1798 846 dicendi

190 886 291 942 κεῖσθαι
311 877 355 938 τδν
370 874 456 954 λόγον·
470 871 562 953 χάριεν
579 869 645 951 γάρ,
665 871 688 928 εἰ
705 867 766 949 περί
785 871 837 925 τῶν
858 865 979 947 ἐσχάτων
1021 880 1252 945 bouitaspropoaits
1262 881 1302 931 sit.
1318 881 1435 944 Lepidum
1447 882 1536 944 quippe
1550 881 1638 944 luerit,
1655 883 1799 946 si,quumiu

190 965 381 1032 κινδυνεύοντες
394 962 455 1041 περὶ
468 966 514 1033 τῆς
529 962 555 1018 ἐν
569 961 623 1026 τοῖς
636 957 725 1035 νόμους
739 954 854 1024 ἔξουσίας
869 977 981 1036 serape
1021 969 1135 1020 extrema
1144 969 1401 1033 rusemurperieuus,
1411 969 1442 1019 ue
1451 973 1569 1032 morule
1578 969 1798 1032 reprimendarum

185 1055 341 1136 λογοίμεθα.
384 1051 423 1112 Σύ
436 1049 464 1109 δέ
473 1049 519 1108 καλ
531 1047 601 1107 πάνυ
610 1048 661 1120 ἤδη
673 1045 779 1123 ἔννομος
788 1033 813 1102 it
822 1041 979 1124 δημηγόρος,
1022 1062 1047 1108 et
1060 1057 1314 1120 jejuucdisputemua.
1357 1060 1465 1108 unvero
1479 1057 1720 1121 ctiamomniuojram
1733 1060 1797 1122 legiti·

190 1141 326 1227 πρόπαλαι
338 1138 385 1217 μὲν
399 1138 425 1207 ἐξ
436 1137 541 1220 ἐφήύων
553 1133 680 1216 γεγονὼς,
693 1130 904 1214 ἐγγεγραμμένος
915 1129 942 1188 δὲ
955 1132 981 1197 ἐς
1023 1159 1078 1196 ωοε
1093 1145 1247 1196 concionator
1266 1159 1308 1209 es,
1324 1145 1367 1210 qui
1385 1146 1485 1209 ephebis
1502 1146 1560 1196 olim
1578 1148 1722 1210 excesseris,
1740 1154 1763 1198 et
1778 1150 1799 1198 iu

191 1232 221 1289 τὸ
244 1233 296 1289 τῶν
314 1227 416 1287 δώδεκα
434 1223 614 1306 ληξιαρχικὸν,
632 1221 678 1281 καλ
693 1219 781 1298 ὀλίγον
800 1221 852 1278 δεῖν
872 1222 919 1290 τῆς
938 1217 981 1276 ἐπὶ
1023 1233 1151 1284 θυοθοοίω
1163 1233 1265 1284 deorum
1277 1233 1359 1284 album
1368 1234 1554 1298 relatus,atque
1565 1236 1799 1286 tautumuondeillu

192 1316 294 1398 Κρόνου
315 1316 409 1396 βουλῆς
427 1311 472 1371 ὧν·
489 1309 558 1370 ὥστε
577 1308 615 1388 μθ
635 1307 802 1389 μῑῑρακῑῑύθυ
816 1305 879 1388 πρὸς
893 1309 981 1382 iuis,
1023 1322 1070 1372 sub
1085 1322 1300 1373 satumocouaibo
1315 1335 1380 1372 uuus
1393 1321 1434 1372 sis.
1466 1327 1547 1381 Quare
1562 1323 1613 1372 noli
1629 1324 1800 1388 apuduosado

193 1404 261 1464 άλλθι
273 1403 334 1483 λέγε
348 1405 450 1484 θαρρῶν
468 1401 519 1473 ήδη
536 1397 571 1457 τά
592 1399 717 1458 δοκοῦντα
737 1395 819 1475 μηδὲν
838 1392 981 1465 αἰδεσθείς,
1023 1409 1149 1460 impuli
1164 1410 1281 1474 pedm
1296 1409 1424 1472 simulare,
1440 1410 1483 1461 sed
1499 1411 1614 1462 audacem
1629 1413 1680 1475 jam
1695 1425 1747 1476 m
1763 1411 1800 1463 fibi

193 1494 233 1554 ὅτι
246 1491 359 1572 ἀγένειος
369 1491 406 1550 ῶν
420 1486 626 1568 δημηγορήσεις,
640 1486 686 1546 καλ
700 1490 784 1544 ταῦτα
800 1482 983 1564 βαθυπώγωνα
1025 1497 1152 1547 eluantur
1167 1497 1255 1559 dicito,
1268 1497 1330 1547 nihil
1346 1498 1573 1560 verecundamffl
1589 1499 1705 1550 imm,
1717 1501 1799 1550 mie

193 1580 239 1641 καί
250 1578 374 1658 εὐγένειον
390 1575 471 1644 ούτως
483 1575 538 1634 υίδν
550 1573 619 1654 ἐχων
629 1573 673 1633 τδν
685 1571 851 1645 Ἀσκληπιόν.
882 1569 984 1636 Ἄλλως
1024 1585 1243 1649 uere,praesertim
1254 1598 1330 1648 quum
1342 1586 1462 1649 promissa
1472 1587 1534 1636 adeo
1542 1587 1617 1637 barba
1626 1587 1800 1651 etmeutiprobe

194 1693 222 1728 τε
241 1667 288 1727 καλ
303 1666 404 1750 πρέπον
419 1664 451 1723 δν
468 1663 508 1737 εἴη
528 1685 569 1721 σοι
583 1669 628 1721 νῦν
647 1660 764 1740 μάλιστα
784 1658 914 1742 ἐκφαίνειν
934 1657 983 1729 τήν
1025 1673 1113 1722 hirsuti
1132 1671 1210 1721 tilium
1231 1672 1320 1722 babeas
1347 1673 1521 1736 AEaeulapium.
1558 1677 1677 1726 Prreterea
1696 1675 1799 1725 deeette

194 1756 296 1840 σοφίαν,
309 1759 331 1815 εἰ
344 1754 381 1834 μὴ
394 1753 482 1831 μάτην
493 1754 520 1810 ἐν
532 1755 570 1832 τῷ
582 1751 705 1812 Ἑλικῶνι
716 1747 831 1822 κάθησαι
842 1747 900 1813 ταῖς
910 1743 983 1806 Μού·
1025 1773 1092 1809 nunc
1104 1760 1237 1822 presertim
1252 1763 1320 1809 tuam
1331 1761 1437 1824 prolerre
1452 1761 1611 1826 sapientiam,
1627 1762 1675 1814 uisi
1685 1761 1800 1813 frustratu

197 1844 477 1928 σαιςσυμφιλοσοφῶν.
1027 1847 1140 1898 ilelieoue
1149 1847 1240 1898 resides
1249 1852 1274 1898 et
1284 1848 1452 1913 philosophare
1460 1863 1515 1899 cum
1525 1850 1612 1900 Musis.

237 1936 353 1996 Ailou.
375 1929 444 1990 Ἀλλ’
467 1929 497 1987 οό
519 1925 562 2000 σὲ,
583 1916 605 1986 ἀν
625 1917 798 2007 Μῶμε,’χρή
820 1923 854 1983 τά
875 1927 986 1982 τοιαῦτα
1058 1938 1148 1986 aloa.
1165 1936 1241 1998 Atqui
1258 1941 1328 1985 tuum
1348 1950 1397 1986 uon
1415 1941 1466 2000 eat,
1487 1940 1581 2000 bone,
1602 1951 1656 1988 eam
1675 1936 1799 1988 insultatum

197 2021 311 2104 ἐφιέναι,
324 2019 368 2078 τδν
383 2016 435 2078 Δία
447 2015 484 2075 δέ·
499 2015 545 2074 καλ
558 2012 591 2086 ἢν
608 2006 681 2082 οὗτος
691 2012 818 2093 κελεύσῃ,
830 2011 901 2092 τάχα
914 2010 945 2069 ἄν
961 2018 985 2068 ’τι
1027 2022 1099 2086 dare,
1117 2023 1159 2074 sed
1174 2024 1250 2074 loris.
1284 2025 1330 2075 llic
1347 2025 1368 2075 si
1386 2025 1499 2088 iusserit,
1517 2026 1581 2076 iorte
1595 2025 1687 2090 aliquid
1701 2025 1799 2075 θίιαοε

197 2113 245 2168 οὐκ
259 2105 497 2186 ἀμουσονείποιμι,
510 2101 580 2162 ἀλλὰ
591 2107 637 2175 τῆς
651 2105 678 2162 ἐν
688 2105 726 2183 τῷ
738 2101 862 2164 Ἑλικῶνι
876 2097 987 2178 μελέτης
1028 2111 1105 2160 illusis
1121 2125 1170 2160 nou
1186 2112 1304 2174 alienum,
1324 2112 1368 2163 sed
1385 2114 1556 2164 exercitatione
1574 2127 1648 2179 quam
1663 2115 1690 2164 in
1703 2113 1800 2164 lleiiouue

198 2196 278 2266 ἀξιον.
1028 2199 1179 2250 instituimus
1191 2200 1301 2262 dignum.

239 2286 348 2346 ΖΕΥΣ.
371 2282 452 2360 Λίγε,
469 2270 602 2340 ώτίκνον·
614 2278 705 2362 ἐφίημι
719 2277 779 2360 γάρ.
1058 2290 1124 2337 JUP.
1142 2287 1200 2347 Dic,
1209 2287 1257 2349 iili,
1268 2287 1381 2351 permitto
1390 2290 1463 2338 euim.

242 2385 289 2435 27.
312 2374 428 2433 Ailou.
451 2369 485 2433 ‘0
498 2370 636 2447 Τιμοκλῆς
649 2359 723 2434 οὗτος
740 2365 795 2424 ἐστι
810 2364 857 2443 μὲν
871 2362 987 2446 χρηστὸς
1061 2381 1100 2427 27.
1117 2378 1208 2426 APOL.
1226 2377 1308 2426 Bonus
1329 2377 1368 2426 uir
1387 2381 1426 2427 est
1444 2378 1490 2428 iate
1511 2378 1649 2441 limacius,
1669 2381 1693 2428 et
1714 2377 1799 2427 deorum

200 2460 266 2543 ἀνήρ
281 2460 326 2520 καλ
339 2456 447 2530 εύσεύής
461 2456 507 2518 καί
518 2455 577 2524 τούς
589 2455 682 2534 λόγους
696 2453 767 2514 πάνυ
779 2453 912 2536 ἠκρίδωκε
926 2449 987 2517 τοὺς
1029 2475 1128 2525 amaus,
1147 2468 1172 2513 et
1189 2463 1295 2513 rabones
1315 2464 1451 2516 Stoicorum
1471 2465 1543 2530 plane
1563 2465 1700 2530 perdidicit
1729 2467 1801 2525 ltaque

200 2553 251 2608 τῶν
266 2550 403 2608 Στωϊκῶν·
413 2543 482 2604 ῶστε
493 2544 540 2604 καλ
551 2543 669 2603 σύνεστιν
680 2542 724 2603 ἐπὶ
734 2540 812 2624 σοφίη
821 2542 926 2607 πολλοῖς
935 2541 987 2597 τῶν
1030 2549 1116 2601 multia
1126 2563 1184 2600 eum
1192 2550 1324 2612 iuvenibus
1340 2551 1498 2615 philosophias
1513 2567 1591 2604 causa
1600 2558 1714 2614 rentur,
1724 2563 1800 2601 meroe·

200 2635 264 2696 νέων
276 2636 321 2695 καὶ
333 2632 440 2712 μισθούς
453 2635 501 2693 οὐκ
515 2631 618 2714 ὀλίγους
632 2631 676 2691 ἐπὶ
692 2629 777 2711 τούτῳ
794 2626 909 2706 ἐκλέγει,
923 2625 987 2704 αφά·
1030 2637 1121 2701 uimque
1143 2651 1173 2688 eo
1190 2638 1289 2690 nomine
1306 2652 1356 2689 nou
1375 2652 1462 2704 parvas
1481 2641 1595 2705 coudelt,
1616 2642 1657 2705 qui
1676 2637 1801 2705 persuaderi
1878 2704 1879 2717 γ

202 2726 250 2806 δρα
268 2722 375 2790 πιθανδς
392 2718 438 2794 ὢν,
453 2719 532 2778 ὁπότε
548 2719 602 2800 ἰδίη
615 2721 669 2785 τοῖς
687 2721 816 2795 μαθηταῖς
831 2713 987 2792 διαλέγοιτο·
1030 2728 1138 2790 egregie,
1155 2728 1252 2791 ηιιεοθο
1270 2728 1384 2792 privatim
1397 2729 1506 2793 disputat
1521 2742 1581 2780 cum
1599 2728 1800 2780 adolescentibus:

202 2815 229 2872 ἐν
248 2813 342 2884 πλήθει
361 2808 388 2870 δὲ
404 2810 485 2869 εἰπεῖν
505 2805 681 2884 ἀτολμότατός
700 2808 755 2864 ἐστι
771 2803 817 2862 καλ
832 2801 880 2874 τήν
901 2800 988 2885 φωνὴν
1031 2815 1056 2864 in
1073 2815 1145 2864 turbu
1164 2817 1247 2865 autem
1267 2816 1346 2868 dicere
1368 2817 1467 2867 minime
1487 2817 1572 2878 audet,
1597 2823 1622 2869 et
1643 2830 1722 2867 νοοεω
1740 2815 1801 2864 babet

202 2899 306 2973 ἰδιώτης
323 2897 370 2958 καλ
389 2893 594 2978 μιὶοόάρύαρος,
613 2891 681 2953 ώστε
702 2891 806 2970 γε’λωτα
823 2889 988 2972 ὀφλισκάνειν
1031 2903 1136 2966 imperiti
1151 2904 1270 2967 bominis,
1286 2919 1314 2960 ac
1327 2905 1503 2955 semibarbarus
1519 2909 1570 2967 est,
1591 2911 1618 2957 ut
1633 2906 1705 2956 risum
1719 2908 1801 2969 propter

204 2987 247 3048 διὰ
259 2993 335 3047 τοῦτο
347 2989 374 3044 ἐν
388 2988 447 3051 ταῖς
458 2980 606 3048 συνουσίαις
618 2983 648 3040 ού
659 2979 790 3060 ξυνείρων,
803 2977 872 3038 ἀλλὰ
885 2983 988 3058 βαττα-
1032 2989 1078 3040 istu
1088 2989 1175 3039 debeat
1190 2989 1215 3039 iu
1230 2992 1413 3054 congressibus,
1426 2993 1468 3056 qui
1478 3007 1527 3043 uon
1538 2998 1667 3046 connectat
1677 2994 1755 3052 reba,
1766 2989 1801 3041 sed

205 3075 286 3158 ρίζων-
301 3073 347 3134 καλ
364 3069 570 3154 ταραττόμενος,
591 3068 636 3129 καί
658 3067 774 3146 μάλιστα
793 3065 890 3126 ὁπόταν
908 3067 990 3135 οὕτως
1031 3077 1149 3127 balbutiat
1159 3081 1184 3128 et
1193 3078 1346 3140 perturbetur
1356 3095 1362 3128 :
1372 3084 1397 3130 el
1407 3081 1512 3131 maxime
1523 3085 1622 3145 quoties
1632 3095 1685 3133 cum
1694 3083 1737 3131 hoe
1746 3080 1801 3141 inge·
1878 3092 1879 3113 ι

204 3163 273 3244 ἐχων
297 3161 343 3222 καλ
367 3157 614 3241 καλλιρρημοσύνην
638 3155 830 3215 ἐπιδείκνυσθαι
853 3153 988 3234 βούληται.
1032 3165 1156 3215 auretium
1169 3170 1272 3218 venuste
1286 3165 1381 3217 dicendi
1398 3166 1536 3219 laenitatem
1551 3169 1744 3221 vultosteudere.
1771 3163 1801 3217 id

205 3254 329 3312 Ξυνεῖναι
344 3246 391 3326 μέν
406 3245 457 3327 γάρ
479 3249 515 3312 εἷς
528 3243 676 3327 θπερόολήν
689 3242 746 3312 ὀξύς
760 3245 815 3302 ἐστι
832 3241 877 3301 καί
895 3243 990 3301 λεπτο·
1033 3252 1179 3314 intelligendi
1190 3255 1255 3304 enim
1264 3254 1314 3303 uim
1326 3255 1482 3306 acutissimus
1493 3262 1543 3319 est,
1553 3263 1581 3308 el
1592 3259 1707 3308 subtiliter
1715 3254 1801 3317 cogitat,

203 3337 324 3420 γνώμων,
338 3335 373 3404 ῶς
384 3357 462 3416 φασιν
475 3336 498 3393 ot
511 3332 617 3411 ἄμεινον
629 3331 663 3391 τά
676 3335 728 3390 τῶν
742 3333 869 3391 Στωϊκῶν
881 3329 991 3404 εἰδότες,
1034 3345 1061 3388 ut
1071 3341 1191 3390 affirmem
1201 3343 1243 3404 qui
1252 3341 1343 3405 optime
1353 3342 1488 3392 stoicorum
1499 3356 1538 3394 res
1547 3348 1639 3394 norunt
1652 3359 1659 3392 :
1673 3354 1743 3406 quum
1755 3349 1802 3386 ναν

206 3426 288 3507 λέγων
303 3423 331 3486 δέ
345 3424 391 3484 καί
405 3421 555 3505 ἑρμηνεύων
566 3423 609 3480 ὑπ’
625 3420 758 3487 ἀσθενείας
771 3418 911 3501 διαφθείρει
924 3417 991 3477 αὐτά
1033 3427 1092 3479 dicit
1104 3433 1128 3479 et
1139 3429 1255 3493 explieat,
1268 3443 1318 3493 prae
1329 3431 1492 3482 imbecillitate
1501 3443 1530 3482 ea
1541 3432 1676 3496 corrumpit
1686 3432 1709 3482 et
1718 3426 1801 3478 ουσίαν·

204 3515 250 3576 καί
263 3518 359 3595 συγχεῖ
371 3515 416 3572 οόκ
431 3507 633 3591 ἀποσαφηνίζων
647 3506 664 3566 ὀ
680 3530 705 3566 τι
721 3506 856 3586 βούλεται,
874 3507 932 3565 ἀλλ’
946 3509 991 3565 ut·
1033 3516 1082 3578 dit,
1094 3517 1137 3580 qui
1154 3531 1202 3567 uon
1213 3518 1277 3568 clare
1288 3518 1347 3582 quid
1359 3519 1406 3570 sibi
1420 3519 1479 3570 uelit
1489 3520 1616 3583 explanet,
1631 3520 1672 3571 sed
1685 3513 1801 3579 umgmutit

207 3603 329 3683 νίγμασιν
345 3599 447 3661 ἐοικότα
464 3597 606 3681 προτείνων
617 3595 662 3656 καί
676 3595 756 3655 πάλιν
768 3587 802 3653 αύ
815 3593 881 3654 πολὺ
893 3595 994 3677 ἀσαρί-
1035 3604 1245 3668 similiaproserut,
1254 3619 1284 3656 ac
1293 3619 1378 3656 rursus
1387 3607 1464 3657 mrum
1471 3609 1543 3657 etiam
1550 3607 1678 3659 obscurius
1685 3605 1714 3655 ad
1723 3605 1802 3653 iutorru

206 3714 286 3772 στερα
298 3689 362 3772 πρὸς
372 3687 418 3756 τδις
432 3687 571 3769 ἐρωτήσεις
584 3683 795 3765 ἀποκρινάμενος·
811 3687 835 3743 οἱ
846 3681 873 3742 δέ
888 3686 917 3742 ού
932 3683 993 3752 ξυν-
1034 3697 1088 3755 gata
1103 3693 1255 3756 respondeat.
1288 3693 1396 3759 lndequi
1409 3695 1478 3744 illum
1486 3689 1800 3760 uoumtelliguut‚deridmt

208 3777 285 3846 ιίντες
300 3777 479 3855 καταγελῶσιν
496 3776 584 3833 αὐτοῦ.
625 3773 672 3832 Δεῖ
687 3772 708 3830 δ’
723 3763 797 3848 οἶμαι
809 3776 898 3852 σαφῶς
907 3771 993 3852 λέγειν
1035 3783 1136 3843 Oportet
1146 3785 1241 3841 auum,
1256 3786 1327 3844 puto,
1342 3781 1448 3832 dilucide
1459 3778 1801 3848 dicere,e1’usquercimultam
1878 3812 1879 3851 γ

208 3865 254 3925 καί
265 3863 356 3924 τούτου
371 3863 488 3942 μάλιστα
500 3859 601 3933 πολλὴν
609 3865 741 3920 ποιεῖσθαι
752 3858 800 3932 τήν
815 3859 949 3943 πρόνοιαν,
958 3865 994 3929 ὡς
1035 3868 1148 3919 adbibere
1159 3869 1350 3933 providentiam,
1359 3874 1387 3920 ut
1398 3871 1531 3934 intelligunt
1539 3872 1582 3935 qui
1594 3871 1699 3922 audiunt

209 3952 360 4026 ξυνήσουσιν
373 3954 397 4011 οῖ
411 3950 555 4022 ἀκούοντες.

250 4051 298 4104 28.
320 4041 418 4101 ΜΩΜ.
439 4042 525 4100 Τοῶτο
542 4035 589 4115 μὲν
603 4038 684 4118 ὀρθῶς
702 4034 805 4108 ἔλεξας,
819 4025 841 4095 d
853 4032 993 4109 Ἄπολλον,
1068 4049 1105 4094 28.
1123 4047 1203 4094 llold.
1219 4047 1293 4095 Recte
1308 4050 1334 4094 lu
1348 4045 1447 4108 quidem
1458 4045 1532 4108 illud,
1548 4049 1646 4112 Apollo,
1660 4043 1720 4109 quod
1729 4036 1801 4090 laudat

209 4127 348 4196 ἐπαινέσας
360 4124 420 4193 τούς
433 4128 523 4205 σαφῶς
537 4123 674 4202 λέγοντας,
690 4125 713 4182 εἶ
726 4123 772 4182 καί
785 4121 822 4201 μή
833 4123 903 4182 πάνυ
913 4133 995 4192 ποιεῖς
1036 4130 1141 4182 dilucide
1156 4132 1279 4194 dieentes,
1296 4132 1341 4182 etsi
1356 4133 1455 4184 minime
1470 4134 1578 4184 omnium
1594 4135 1646 4199 ipse
1660 4133 1704 4182 boc
1718 4126 1769 4177 lucii
1781 4122 1801 4170 51¹

210 4217 274 4278 αύτδ
291 4215 322 4276 σύ
337 4219 364 4275 ἐν
379 4217 433 4281 τοῖς
450 4215 580 4296 χρησμοῖς
595 4210 667 4279 λοξὸς
682 4208 719 4269 ὣν
735 4210 781 4270 καλ
799 4210 931 4294 γριφώδης
948 4211 995 4271 καί
1037 4218 1330 4283 orueubs,sedobliquus
1345 4234 1372 4271 ea
1387 4221 1696 4287 ermeneumata
1710 4213 1801 4267 modim

210 4309 235 4375 ἐς
248 4306 278 4367 τδ
290 4302 448 4384 μεταίχμιον
463 4302 586 4382 ἀσφαλῶς
601 4297 768 4381 ἀπορρίπτων
786 4299 821 4358 τόι
838 4298 940 4372 πολλά,
960 4304 995 4368 ὡς
1037 4308 1100 4357 iuter
1108 4311 1227 4358 certantes
1236 4307 1317 4357 locum
1327 4313 1394 4359 tutus
1407 4310 1459 4373 ipse
1470 4310 1585 4374 pleraque
1594 4309 1712 4375 pmiiciaa,
1721 4305 1757 4362 ut,
1767 4297 1801 4362 uui

210 4393 268 4461 τοδς
279 4389 423 4456 ἀκούοντας
435 4388 515 4448 ἀλλου
530 4389 630 4447 δεῖσθαι
641 4385 739 4446 Πυθίου
756 4387 820 4469 πρδς
836 4387 884 4461 τήν
901 4387 996 4467 ἐξήγη-
1036 4394 1178 4456 audiemnt‚
1194 4395 1242 4445 ulio
1254 4409 1316 4459 opus
1332 4395 1436 4447 habeant
1452 4397 1482 4446 sd
1493 4411 1522 4448 ea
1536 4395 1708 4462 mterprelmde
1721 4386 1800 4452 Ρθθθθ·

211 4482 359 4541 σιναύτῶν.
401 4474 479 4559 Ἀτάρ
490 4475 556 4536 τίτδ
570 4475 613 4534 ἐπί
625 4474 709 4557 τούτῳ
725 4474 921 4554 ξυμόυυλεύειςς
936 4477 995 4535 τίνα
1037 4486 1128 4533 Verum
1139 4483 1198 4546 quid
1213 4491 1269 4546 post
1283 4484 1323 4534 illa
1334 4488 1362 4534 lu
1373 4485 1579 4550 oonsulislquam
1590 4483 1726 4538 medidmm
1737 4479 1801 4527 1³00st

211 4569 280 4629 ίασιν
292 4567 454 4640 ποιήσασθαι
463 4569 510 4638 τῆς
525 4570 570 4624 ποῶ
581 4567 606 4625 Τ
608 4563 744 4643 ιμοκλίους
753 4565 898 4643 ἀδυναμίας
907 4570 934 4626 ἐν
942 4570 996 4634 τοῖς
1038 4571 1149 4622 Timoclis
1158 4572 1183 4620 iu
1191 4571 1293 4622 diceudo
1302 4573 1473 4624 imbecillitati?

212 4660 228 4717 λ
259 4681 311 4731 ουςς
1194 4667 1198 4673 ’

228 4657 300 4808 όγθθ.
322 4747 438 4805 blloll.
460 4741 624 4822 Ξυνήγορον,
642 4731 664 4800 ὦ
682 4743 782 4818 Μῶμε,
800 4739 825 4798 εί
840 4763 897 4808 πως
915 4741 996 4814 δυνη-
1070 4755 1108 4802 29.
1126 4753 1216 4801 bl’ob.
1232 4739 1801 4818 Patronum‚ldomc,siquapossemusilliudjtru

213 4833 329 4913 θείημεν,
348 4834 420 4913 αὐτῷ
442 4831 591 4912 παρασχεῖν
614 4827 691 4889 ἀλλον
710 4833 761 4887 τῶν
782 4829 872 4886 δεινῶν
887 4828 996 4903 τούτων,
1038 4851 1093 4902 gere
1108 4838 1183 4888 alium
1199 4837 1231 4889 de
1244 4839 1430 4891 vehementibus
1445 4841 1506 4903 illis,
1519 4843 1562 4906 qui
1577 4855 1620 4906 pro
1631 4835 1738 4902 dignitate
1748 4825 1800 4876 dieat

214 4925 322 5004 ἐροῦντα
330 4919 388 4978 κατ’
396 4917 470 4988 ἀξίαν
483 4918 551 5000 άπερ
563 4916 594 4976 ἀν
604 4918 698 4984 ἐκεῖνος
710 4914 859 4993 ἐνθυμηθεὶς
866 4916 996 4996 ύποόάλη.
1038 4938 1198 4990 quaecumque
1209 4926 1255 4976 iste
1266 4928 1401 4990 excogitata
1412 4929 1445 4978 illi
1454 4928 1589 4990 subjecerit.

256 5010 350 5070 ΜΩΜ.
371 5005 498 5086 Ἀγίνειον
509 5011 586 5067 τοῦτο
594 5009 629 5072 ῶς
641 5006 742 5076 ἀληθῶς
756 5002 875 5084 είρηκας,
891 5002 929 5062 ἔτι
938 5028 998 5063 παι·
1070 5016 1151 5064 blobl.
1168 5016 1231 5063 vere
1246 5025 1291 5077 pro
1305 5014 1407 5064 imberbi
1420 5016 1484 5066 istrie
1499 5015 1581 5066 dixisti
1597 5017 1621 5064 et
1636 5011 1675 5075 uui
1690 5003 1800 5071 pedagogo

216 5099 335 5175 δαγωγοῶ
347 5117 415 5162 τινος
429 5093 560 5174 δεόμενον,
575 5092 713 5173 ξυνήγορον
723 5093 750 5150 ἐν
763 5090 883 5174 ξυνουσίᾳ
896 5092 998 5173 φιλοσό·
1039 5099 1119 5151 adhuc
1133 5097 1252 5164 indigeat,
1268 5105 1395 5164 putmuum
1410 5103 1435 5152 iu
1450 5103 1645 5167 pbilosophorum
1660 5089 1800 5160 disputationi

216 5209 270 5268 φων
285 5182 506 5266 παραστήσασθαι
518 5181 710 5263 ἑρμηνεύσοντα
722 5177 785 5261 πρὸς
798 5177 856 5248 τοὺς
867 5179 998 5262 παρόντας
1040 5194 1132 5252 utare,
1150 5188 1310 5252 explicantem
1332 5190 1490 5252 presentium
1505 5190 1565 5255 quid
1583 5188 1667 5240 mutiat
1684 5177 1800 5234 ptmoelm:
