3825 5909
193 466 229 519 rr
772 454 824 514 111.
847 452 1035 514 uirorum
1057 462 1095 512 τε
1109 485 1149 498 -
1164 460 1212 513 τε.
1688 462 1798 540 (Μ)

230 597 278 648 ²2.
300 583 374 645 Πολὺ
387 582 414 643 δί
428 582 526 642 τούτων
540 584 564 642 οί
580 582 731 663 προσιόντες
744 584 817 642 αὐτοί
831 584 877 643 καί
893 589 971 663 depu-
1045 597 1085 641 τε.
1100 594 1213 641 mmm
1231 592 1270 641 inis
1280 592 1356 643 multu
1370 592 1464 643 ridiculi
1475 596 1552 657 nangis
1563 600 1637 659 sunl,
1653 598 1696 661 qui
1708 612 1751 649 eos
1762 612 1798 651 ae·

190 672 310 740 πεύοντες
320 670 493 751 γελοιότεροι,
505 669 596 737 νυκτὸς
605 672 653 748 μίν
665 668 860 745 ἐξανιστάμενοι
875 670 971 748 μέσης,
1012 684 1108 728 mantua
1116 684 1189 742 atque
1196 680 1334 742 οίιεοτνεαί,
1343 680 1375 729 de
1383 682 1711 745 malmesmeriensis
1720 690 1798 737 totum

188 759 347 841 περιθέοντες
365 758 393 817 δὲ
414 761 441 816 έν
455 757 544 838 κύκλῳ
557 756 605 829 τὴν
619 756 695 815 πόλιν
713 756 759 815 καί
777 758 841 839 πρὸς
860 762 912 816 τῶν
932 761 972 815 oi·
1014 767 1494 828 urbemeireumeursltanten,etaserris
1503 770 1594 820 iuribus
1603 772 1704 831 exclusi,
1713 786 1797 835 osnes,

188 852 271 908 κετῶν
290 846 504 924 ἀποκλειόμενοι,
519 844 594 911 κόνις
609 845 654 904 καί
671 844 782 912 κόλακος
796 846 842 904 καί
861 844 895 905 ud
912 868 971 904 τοι·
1012 858 1037 903 et
1050 854 1201 915 adulatores,
1217 859 1241 905 et
1257 855 1282 904 ld
1298 868 1374 917 genus
1388 856 1436 905 alia
1449 856 1534 907 andire
1548 860 1703 909 sustinentes
1737 864 1800 911 Prae·

189 940 255 991 αῦτα
271 932 374 993 ἀκούειν
389 931 569 1010 ὑπομένοντες.
611 930 731 1013 Γέραςδέ
743 938 790 1005 τῆς
801 943 896 1014 πικρᾶς
910 934 971 992 ταύ·
1013 943 1088 991 nuum
1104 954 1161 992 vero
1176 944 1269 993 noune
1284 943 1350 993 illins
1363 943 1523 1006 eirouillonis,
1540 958 1642 995 οιιετοοε
1657 948 1712 1008 ilia,
1722 953 1800 1012 alque

188 1044 235 1093 της
254 1024 341 1088 αὐτοῖς
363 1020 483 1100 περιόδου
504 1020 535 1078 τὸ
555 1019 676 1101 φορτικὸν
699 1022 782 1078 ἐκεῖνο
802 1022 903 1080 δεῖπνον
923 1022 970 1079 καί
1012 1030 1143 1081 multorum
1158 1031 1277 1080 malmnm
1293 1044 1379 1093 eausa,
1395 1035 1535 1085 emuna:
1552 1034 1641 1097 inqua
1657 1035 1706 1098 rili,
1721 1050 1798 1100 qnam

188 1110 293 1167 πολλῶν
307 1108 390 1166 αίτιον
402 1110 553 1188 συμφορῶν,
573 1109 598 1165 ἐν
613 1098 635 1187 ᾧ
649 1106 719 1165 πόσοι
734 1104 781 1184 pir
796 1107 970 1189 ἐμφαγόντες,
1012 1118 1095 1167 multis
1104 1120 1208 1168 οοαιοεῖε
1223 1120 1348 1182 sputisque
1366 1124 1454 1183 prester
1468 1120 1541 1169 animi
1553 1123 1710 1185 seruientium,
1722 1136 1799 1186 qnam

173 1195 259 1255 ’πόσα
272 1192 493 1274 δὲπαρδιγνώμην
505 1192 655 1271 ἐμπιόντες,
668 1192 775 1253 πόσοδέ
785 1186 877 1253 druis
888 1198 969 1277 ἐχρῆν
1012 1206 1088 1254 multa
1107 1218 1156 1255 uon
1172 1205 1273 1255 dicenda
1292 1206 1421 1270 prolocutit
1440 1212 1560 1271 postremo
1578 1210 1794 1273 reprehendentes,

189 1282 405 1353 ἀπολαλήσαντες
419 1280 436 1353 ἢ
451 1280 615 1363 μεμφόμενοι
630 1280 660 1339 τὸ
675 1283 825 1339 τελευταῖον
839 1281 856 1352 ἢ
876 1284 971 1365 δυσφο·
1012 1296 1055 1341 aut
1066 1305 1129 1353 tegre
1140 1292 1241 1342 iereutes
1254 1292 1397 1342 discedunt:
1410 1297 1435 1343 et
1447 1294 1484 1343 vel
1496 1294 1573 1359 ipsam
1582 1297 1739 1348 criminantur
1750 1313 1799 1349 οιτ-

189 1377 292 1452 ροῦντες
314 1370 422 1429 ἀπίασιν
442 1369 460 1439 ἢ
480 1368 663 1435 διαθοίλλοντες
685 1369 715 1426 τδ
736 1369 837 1427 δεῖπνον
857 1369 874 1441 ἢ
894 1370 970 1453 θὸριν
1011 1378 1132 1439 nam,rel
1141 1379 1310 1429 contumelium
1323 1384 1347 1429 et
1357 1380 1440 1429 sordes
1456 1384 1583 1431 accusant!
1595 1382 1660 1434 Pleni
1677 1389 1760 1434 autem
1772 1388 1799 1435 et

187 1460 233 1517 καί
244 1458 412 1540 μικρολογίαν
419 1457 596 1537 ἐγκαλοῦντες.
627 1455 777 1537 Πλήρειςδὲ
787 1460 871 1516 αὐτῶν
882 1458 971 1537 ἐμούν-
1011 1466 1150 1529 angiportus
1160 1471 1217 1516 sunt
1227 1466 1379 1516 vomentibus
1388 1468 1488 1529 istis,et
1495 1468 1558 1517 cirea
1567 1469 1684 1519 vilissima
1692 1486 1799 1535 quaeqne

187 1570 239 1605 των
253 1550 277 1605 oi
291 1544 420 1605 στενωποί
431 1545 476 1604 καί
490 1544 554 1626 πρὸς
564 1552 618 1613 τοῖς
630 1544 831 1623 χαμαιτυπείοις
848 1545 970 1625 μαχομέ-
1013 1552 1145 1615 prostibula
1155 1552 1355 1616 depugnantibus.
1387 1556 1419 1603 st
1429 1555 1536 1618 plerique
1550 1570 1633 1607 eomm
1649 1558 1674 1606 in
1690 1560 1797 1609 muitum

186 1658 252 1693 νων·
267 1632 313 1693 καί
334 1633 390 1709 μεθ’
404 1630 506 1713 ἡμέραν
529 1635 553 1691 oi
567 1631 682 1699 πλείονες
697 1634 783 1691 αὐτῶν
804 1634 971 1694 κατακλιθέν-
1010 1639 1074 1689 diem
1085 1640 1270 1701 demmberrtss,
1278 1640 1442 1690 circumeundi
1451 1655 1548 1691 eaumm
1558 1644 1658 1694 medicis
1669 1646 1777 1710 prebent
1789 1662 1796 1695 :

186 1743 228 1787 τες
247 1720 344 1801 ἰατροῖς
362 1718 521 1799 παρέχωσιν
541 1718 660 1799 ἀφορμὰς
679 1719 814 1797 περιόδων·
835 1719 897 1779 ἔνιοι
922 1722 970 1799 μὲν
1010 1726 1154 1789 quibusdam
1162 1727 1798 1793 enim,norosoneexemplo,oegrutandiadsootium

186 1807 251 1887 γὰρ,
265 1806 471 1879 τὸκαινότατον,
484 1804 543 1864 οὐδὲ
555 1811 638 1864 νοσεῖν
653 1806 834 1885 σχολάζουσιν.
1010 1818 1116 1863 nonest.

228 1906 273 1956 23.
296 1892 368 1973 Ἐγὼ
385 1892 472 1971 μέντοι
487 1917 517 1971 γε
528 1892 596 1952 πολὺ
607 1897 659 1951 τῶν
676 1893 888 1970 κολακευομένων
903 1894 968 1964 ἐξω·
1044 1906 1082 1951 ²3.
1099 1904 1149 1964 Ego
1165 1914 1224 1951 τετυ
1238 1900 1373 1952 adulatores
1390 1902 1459 1964 longe
1478 1902 1522 1964 iis,
1543 1904 1633 1967 quidum
1648 1903 1795 1969 adulantur,
1907 1927 1908 1930 ¹

186 1981 322 2063 λεστέρους
334 1980 393 2047 τοὺς
411 1979 526 2047 κόλακας
545 1980 691 2061 ὑπείληφα,
706 1981 751 2039 καί
766 1982 859 2060 σχεδὸν
878 1983 970 2051 αὐτούς
1010 1989 1135 2051 nequiores
1145 1989 1268 2048 existimo,
1279 1992 1304 2038 et
1314 1989 1487 2052 propemodum
1497 1994 1608 2041 austures
1619 1992 1666 2042 illis
1677 1995 1797 2046 exsistere

187 2067 292 2136 ἐκείνοις
312 2068 485 2127 καθίστασθαι
508 2072 554 2139 τῆς
578 2066 756 2149 ὑπερηφανίας
779 2068 885 2135 αἰτίους·
905 2069 968 2129 ὅταν
1011 2075 1345 2139 superbimaclastnsistius.
1377 2079 1524 2140 tiamqnum
1539 2076 1634 2127 lliomm
1647 2081 1797 2143 opulentiam
1907 2121 1908 2130 r

186 2154 238 2237 γάρ
253 2158 338 2214 αὐτῶν
354 2152 403 2227 τὴν
414 2153 566 2235 περιουσίαν
583 2152 740 2231 θαυμάσωσι
753 2154 799 2213 καί
812 2154 857 2213 τδν
870 2155 968 2237 χρυσὸν
1010 2163 1167 2223 admirantur,
1189 2176 1275 2213 aurum
1295 2162 1408 2213 laudibus
1430 2165 1562 2226 extollunt,
1585 2167 1703 2217 vestibula
1724 2182 1798 2220 mane

187 2242 346 2303 ἐπαινέσωσι
364 2241 410 2301 καί
426 2240 485 2310 τοδς
504 2244 627 2309 πυλῶνας
645 2241 722 2301 έωθεν
746 2242 903 2321 ε’μπλήσωοι
924 2244 970 2304 καὶ
1009 2251 1144 2313 complent,
1155 2255 1181 2300 et
1192 2250 1307 2300 adeuntes
1316 2252 1382 2313 ipsos
1392 2251 1461 2322 quasi
1471 2251 1582 2301 dominos
1593 2254 1798 2317 appellant,quid

186 2329 370 2413 προσελθόντες
394 2327 484 2410 ὥσπερ
507 2328 634 2397 δεσπότας
670 2328 844 2409 προσείπωοι,
871 2329 898 2391 τί
924 2333 970 2391 καὶ
1010 2351 1094 2401 quaeso
1110 2336 1165 2386 illos
1175 2337 1281 2398 cogitare
1291 2339 1477 2387 ooomntmeum
1495 2343 1548 2389 est?
1559 2340 1651 2397 Quodsi
1662 2355 1798 2392 verodom·
1907 2389 1908 2392 ,

187 2418 323 2502 φρονήσειν
337 2416 448 2485 ἐκείνους
460 2415 527 2484 είκός
538 2420 621 2491 ἐστιν;
634 2419 668 2479 Εἰ
683 2416 711 2475 δέ
721 2442 752 2496 γε
765 2422 843 2499 κοινῷ
858 2418 970 2496 δόγματι
1011 2424 1078 2474 muni
1094 2423 1192 2474 decreto
1207 2424 1247 2472 rel
1262 2423 1379 2487 tantisper
1389 2424 1538 2475 abstinerent
1551 2426 1583 2476 ah
1601 2426 1646 2477 irae
1661 2428 1798 2480 voluntaria
1907 2459 1909 2488 r

186 2506 235 2567 κάν
242 2507 307 2587 πρὸς
316 2506 402 2582 ὀλίγον
410 2502 558 2583 ἀπέσχοντο
564 2507 643 2575 τῆσδε
655 2510 701 2576 τῆς
708 2504 912 2578 ἐθελοδουλείας,
922 2509 969 2567 οὐκ
1011 2511 1139 2571 servitute,
1160 2524 1191 2559 an
1202 2523 1251 2559 non
1268 2514 1340 2574 putas
1355 2510 1409 2561 siue
1419 2524 1489 2561 rerss
1500 2512 1566 2575 ipsos
1580 2512 1669 2564 diuites
1683 2514 1716 2565 ad
1733 2516 1799 2567 iores
1907 2535 1908 2578 ς

187 2593 219 2653 ἀν
236 2594 285 2654 οίει
303 2592 452 2653 τούναντίον
475 2590 569 2658 αύτούς
591 2594 673 2650 ἐλθεῖν
693 2592 736 2651 ἐπί
756 2592 804 2659 τάς
821 2592 900 2674 θύρας
916 2598 969 2652 τῶν
1011 2610 1144 2661 pauperum
1155 2602 1271 2647 venturos
1281 2610 1349 2659 esse,
1363 2598 1428 2648 ultro
1443 2604 1566 2662 rogantes,
1578 2614 1609 2651 oe
1626 2602 1755 2664 lgriooilem
1771 2609 1799 2654 et

187 2683 302 2759 πτωχῶν
317 2675 452 2756 δεομένους
462 2678 523 2745 τούς
534 2677 685 2752 πλουσίους,
703 2677 740 2757 μὴ
759 2678 868 2738 ἀθέατον
883 2682 969 2739 οὔτῶν
1011 2686 1101 2749 absque
1109 2687 1173 2736 teste
1184 2684 1299 2735 latentem
1313 2698 1384 2736 suam
1400 2686 1538 2738 felicitatem
1548 2688 1722 2751 relinquerent,
1733 2704 1801 2742 nevo

188 2768 249 2844 μηδ’
259 2766 409 2846 ἀμάρπιρον
418 2764 466 2837 τλν
474 2764 639 2843 εὐδαιμονίαν
647 2769 801 2825 καταλιπεῖν
809 2768 871 2845 μηδ’
881 2766 971 2840 ἀνόνη-
1010 2772 1120 2823 inutiem
1135 2778 1161 2822 et
1175 2772 1207 2821 ab
1222 2772 1289 2822 omni
1301 2786 1348 2823 usu
1361 2778 1478 2824 moutam
1489 2788 1627 2825 ιιιοιιειτυιιι
1641 2776 1801 2839 polubritudi·
1906 2819 1909 2842 ,

187 2854 231 2913 τόν
255 2877 284 2912 τε
302 2853 346 2912 καί
367 2853 499 2933 ἀχρηστον
521 2857 573 2913 τῶν
599 2857 735 2935 τραπεζῶν
755 2855 785 2913 τδ
805 2854 900 2922 κάλλος
921 2855 966 2914 καί
1010 2872 1067 2909 nem
1083 2862 1110 2910 'et
1124 2859 1249 2909 densorum
1269 2858 1457 2923 magnitudinem
1476 2874 1531 2911 esse
1544 2865 1699 2925 patmentur?
1714 2868 1800 2929 lienus

188 2946 239 3001 τῶν
254 2940 331 3001 οίκων
347 2940 377 2999 τδ
388 2940 506 3021 μέγεθος;
523 2944 553 3000 ού
564 2940 615 3023 γθρ
627 2940 696 3001 ούτω
709 2948 755 3002 τοῦ
765 2944 885 3003 πλουτεῖν
901 2946 967 3024 ἐρῶ-
1012 2948 1076 2997 enim
1085 2945 1314 3010 tantoperediritias
1323 2952 1497 3012 amant,qnam
1505 2954 1602 3013 propter
1608 2949 1706 3001 divitias
1712 2950 1800 3004 δεείοε
1907 2995 1908 3020 ,

189 3032 329 3096 σινὼςτοῦ
342 3027 385 3087 διίι
393 3027 423 3087 τὸ
432 3030 552 3087 πλουτεῖν
565 3028 796 3107 εὐδαιμονίζεσθαι.
837 3030 970 3091 Καίούτω
1011 3036 1084 3096 nique
1100 3034 1181 3083 ίυίίοον
1196 3046 1249 3083 test
1260 3034 1402 3085 mistimari
1433 3040 1513 3099 utque
1528 3037 1562 3087 ita
1579 3050 1637 3088 sane
1654 3052 1694 3089 res
1709 3039 1800 3103 must,
1905 3077 1909 3109 ,

189 3114 221 3187 δὴ
236 3115 305 3195 ἔχει,
320 3114 402 3193 μηδὲν
413 3114 503 3197 ὄφελος
517 3108 583 3175 εἶναι
594 3119 766 3197 περικαλλοῦς
781 3116 865 3183 οίκίας
879 3120 917 3199 τῷ
930 3120 971 3177 ol·
1012 3125 1039 3171 ul
1049 3120 1289 3185 uequepuiohrarum
1298 3122 1487 3186 sodium,neque
1496 3124 1739 3189 auri,nequeeboris
1749 3128 1801 3178 ulla
1905 3165 1909 3196 ,

188 3208 276 3264 κοῦντι
299 3200 366 3281 μηδὲ
385 3208 483 3281 χρυσοῦ
505 3202 551 3261 καί
566 3200 717 3283 ἐλέφαντος,
741 3206 763 3261 εί
784 3202 879 3280 μήτις
904 3202 970 3262 oded
1013 3210 1110 3261 domino
1122 3212 1154 3261 sit
1165 3212 1268 3275 utilitas,
1281 3212 1328 3262 nisi
1342 3214 1375 3262 sii
1388 3214 1430 3276 qni
1441 3214 1483 3264 illa
1493 3213 1633 3268 admiretur.
1665 3220 1802 3281 Oportebat

188 3289 326 3368 θαυμάζοι.
369 3290 470 3370 Ἐχρῆν
488 3280 533 3369 τόν
552 3288 636 3368 ταύτῃ
658 3291 790 3369 καθαιρεῖν
812 3291 897 3349 αὐτῶν
924 3290 970 3349 καὶ
1012 3301 1085 3361 igitur
1104 3300 1148 3349 tali
1164 3299 1244 3363 nilque
1264 3300 1305 3349 via
1322 3300 1418 3353 diruere
1442 3302 1549 3365 ipsorum
1568 3310 1593 3353 et
1608 3305 1682 3354 rilem
1699 3304 1802 3357 reddere

188 3375 350 3444 ἐπευωνίζειν
359 3374 406 3447 τὴν
417 3372 569 3435 δυναστείαν
587 3374 796 3455 ἐπιτειχίσαντας
814 3380 850 3457 τῷ
865 3376 971 3459 πλούτῳ
1012 3387 1157 3452 potentiam,
1176 3390 1324 3437 oontemtum
1342 3390 1408 3439 liuns
1425 3390 1494 3453 quusi
1514 3392 1689 3442 munimentum
1707 3392 1803 3443 divitiis
1907 3411 1908 3444 ι

187 3464 235 3536 τὴν
248 3462 399 3543 ὑπερορίαν·
411 3469 455 3523 νῦν
471 3463 499 3521 δέ
508 3462 675 3543 λατρεύοντες
689 3466 724 3530 είς
734 3462 856 3523 ἀπόνοιαν
870 3464 971 3543 ἀγουσι.
1012 3474 1153 3538 opponendo
1165 3490 1172 3524 τ
1183 3488 1247 3525 nune
1262 3486 1320 3525 vero
1330 3476 1431 3526 nolendo
1441 3476 1472 3526 ed
1483 3479 1613 3528 amentiam
1624 3478 1768 3542 perducunt

228 3562 276 3613 24.
297 3548 392 3613 ίίοιίτδ
408 3550 455 3629 μὲν
473 3550 569 3631 ἀνδρας
585 3549 689 3619 ἰδιώτας
702 3550 747 3609 καί
761 3550 907 3632 ἀναφανδὸν
923 3553 972 3624 τὴν
1044 3566 1083 3612 24.
1100 3569 1135 3613 Ae
1152 3566 1217 3613 oerte
1236 3564 1345 3614 homines
1364 3564 1474 3615 indoctos
1493 3571 1518 3615 et
1540 3566 1696 3628 ignorantiam
1716 3572 1802 3631 aperte

189 3638 360 3698 ἀπαιδευσίαν
375 3640 563 3716 ὁμολογοῦντας
577 3636 610 3695 τά
626 3642 734 3695 τοιαῦτα
749 3642 843 3715 ποιεῖν,
861 3638 972 3722 μετριότ-
1013 3651 1153 3700 eoniitentes
1169 3651 1227 3700 iaiia
1239 3650 1359 3712 iaetitsre,
1374 3652 1520 3702 tolerabilius
1531 3653 1800 3704 nieritoexlstimetur:
1906 3703 1909 3733 γ

186 3750 261 3809 τερον
276 3726 308 3785 ἀν
319 3724 425 3792 εἰκότως
439 3724 582 3803 νομισθείη·
598 3724 628 3783 τδ
643 3724 669 3783 δὲ
687 3725 732 3784 καί
747 3730 798 3784 τῶν
813 3750 884 3794 τινας
896 3730 972 3807 φιλο-
1014 3750 1097 3787 verum
1107 3738 1202 3800 aliquos
1210 3752 1320 3802 quoque,
1329 3740 1371 3802 qui
1381 3740 1578 3803 εερίιίίοοορίιετί
1585 3741 1712 3802 simulant,
1722 3743 1803 3794 multo

188 3818 276 3894 σοφεῖν
296 3812 525 3893 προσποιουμένων
550 3814 639 3890 πολλῷ
659 3811 697 3869 έτι
711 3810 808 3871 τούτων
824 3816 973 3895 γελοιότερα
1013 3823 1086 3873 etium
1095 3826 1273 3888 ineptioralris,
1285 3827 1408 3890 memeque
1416 3827 1517 3877 ridioula
1528 3829 1618 3890 tmere,
1631 3830 1691 3879 iliud
1701 3830 1802 3883 undem
1906 3795 1909 3820 ί

187 3906 261 3981 δρῦν,
272 3901 341 3959 τοῦτ’
355 3900 406 3971 ἤδη
418 3899 448 3958 τὸ
462 3898 607 3959 δεινότατόν
621 3902 684 3958 ἐστι.
727 3902 790 3967 Πῶς
803 3898 972 3982 γάροίειτλν
1013 3912 1121 3962 omnium
1130 3913 1374 3964 maximedulendum
1386 3919 1432 3965 eet.
1466 3916 1803 3983 Quomodoenimmeputas
1905 3969 1909 3984 ,

187 3986 275 4070 ψυχὴν
286 3986 458 4047 διατεθεῖσθαί
468 4010 526 4065 μοι,
536 3986 598 4044 ὅταν
607 3985 655 4045 lto
663 3987 761 4045 τούτων
770 3988 842 4061 τινά,
854 3988 970 4067 μάλιστα
1014 4001 1094 4049 κοίτοιο
1100 4000 1212 4050 allectum
1217 4015 1280 4065 esse,
1288 4002 1383 4066 quoties
1390 4002 1461 4053 video
1466 4003 1569 4053 istorum
1574 4004 1804 4067 aliquemrmxtmo

187 4080 239 4135 τῶν
253 4074 466 4156 προάιῦηκότων,
484 4073 700 4153 ἀναμεμιγμένον
708 4074 829 4133 κολάκων
844 4076 916 4158 ὄχλῳ
927 4078 974 4137 καί
1014 4100 1097 4136 eorum
1111 4088 1233 4149 quietate
1249 4090 1355 4152 pnuveeti
1371 4089 1604 4150 sunt,adulatorum
1618 4090 1694 4140 torna
1704 4090 1802 4143 immix-
1907 4123 1908 4136 r

188 4166 240 4221 τῶν
254 4166 296 4222 ἐπ’
309 4162 382 4231 ἀξίας
391 4161 449 4222 τινδι
460 4163 651 4243 δορυφοροῦντα
663 4161 709 4221 καί
722 4163 775 4229 τοῖς
785 4162 827 4221 ἐπὶ
837 4162 869 4221 τδι
879 4166 973 4223 δεῖπνα
1014 4179 1081 4237 tum,
1099 4178 1124 4225 et
1135 4175 1230 4225 illorum
1248 4177 1366 4241 ediquem,
1383 4179 1425 4240 qui
1436 4177 1540 4228 honores
1553 4183 1653 4241 meunt,
1669 4178 1803 4232 satellitum

187 4250 398 4331 παραγγέλλουσι
416 4248 652 4329 κοινολογούμενον,
671 4250 861 4332 ἐπισημότερον
876 4252 902 4311 δέ
921 4258 973 4312 τῶν
1014 4264 1087 4313 modo
1098 4269 1242 4325 sectantem
1254 4269 1343 4314 etcum
1353 4264 1488 4328 iis,quiuui
1499 4278 1592 4316 ennam
1601 4271 1700 4329 rodunt,
1711 4280 1802 4318 sermo·

188 4339 276 4399 ἀλλων
291 4339 344 4397 ἀπὸ
361 4345 407 4397 τοῦ
422 4336 558 4418 σχήματος
576 4338 638 4397 ὄντα
658 4336 703 4396 καί
720 4338 913 4420 φαυερώτερον;
927 4343 973 4401 καί
1015 4364 1058 4402 nes
1070 4352 1251 4403 conterentem:
1264 4354 1350 4402 esteris
1361 4352 1513 4415 insigniorem
1525 4357 1550 4403 et
1558 4355 1634 4417 magis
1642 4355 1803 4419 eonspiouum
1906 4343 1908 4356 ί

188 4428 202 4487 δ
216 4427 333 4505 μάλιστα
344 4430 501 4505 ἀγανακτῶ,
511 4424 551 4484 ότι
562 4424 600 4503 μὴ
610 4426 655 4486 καί
667 4424 716 4497 τὴν
726 4425 821 4497 σκευὴν
835 4430 972 4508 μεταλαμ-
1005 4409 1047 4488 ¹ob
1058 4440 1185 4489 habitum?
1201 4444 1227 4489 et
1236 4440 1302 4503 qnod
1318 4440 1357 4489 vel
1368 4439 1473 4489 maxime
1483 4440 1599 4503 indignari
1610 4442 1689 4503 soleo,
1704 4443 1804 4505 quando

189 4514 310 4588 ἀοίνουσι,
323 4513 357 4573 τά
378 4513 447 4573 ἀλλα
467 4536 497 4592 γε
511 4512 606 4591 ὁμοίως
624 4512 822 4597 ὑποκρινόμενοι
840 4520 885 4573 τοῦ
906 4518 973 4599 δρά-
1015 4540 1064 4576 nou
1075 4526 1159 4577 itidem
1169 4527 1279 4577 lubitum
1290 4531 1398 4588 mutant,
1410 4510 1486 4591 quum
1495 4530 1591 4592 utique,
1603 4529 1668 4593 quod
1679 4528 1710 4579 ad
1720 4532 1804 4581 oeten

189 4624 279 4679 ματος.
1015 4618 1115 4679 attinet,
1127 4616 1223 4668 easdem
1234 4623 1315 4681 partes
1324 4620 1404 4679 agant.

230 4698 277 4749 25.
298 4686 331 4747 ‘A
346 4688 394 4766 μίν
406 4684 458 4769 γάρ
471 4690 497 4747 ἐν
511 4687 565 4755 τοῖς
578 4685 732 4765 συμποσίοις
745 4688 910 4771 ἐργάζονται,
923 4692 990 4759 τίνι.
1046 4713 1085 4757 25.
1107 4708 1168 4757 Nam
1184 4718 1239 4768 ηοω
1258 4706 1283 4754 in
1299 4704 1417 4754 conviviis
1432 4704 1596 4767 designantur,
1610 4704 1648 4755 mi
1662 4718 1746 4768 queso
1760 4706 1803 4757 ho·

188 4778 240 4834 τῶν
254 4776 342 4834 καλῶν
354 4775 506 4853 είκάσομεν;
523 4778 570 4834 οὐκ
581 4778 753 4857 ἐμφοροῦνται
768 4775 815 4855 μέν
831 4781 972 4862 ἀπειροκα-
993 4840 998 4857 ‚
1015 4784 1091 4831 ΝΜ
1106 4780 1139 4828 Νί
1151 4777 1359 4843 mmmmm?
1373 4792 1404 4827 ⁸¹¹
1420 4792 1469 4830 ¹¹⁰¹!
1484 4780 1559 4841 Μὴ
1574 4781 1664 4829 ῖθθίίθθ
1679 4781 1803 4844 millidii!

188 4862 311 4941 λόιτερον,
333 4862 507 4941 μεθύσκονται
527 4860 554 4922 δέ
578 4861 765 4945 φανερώτερον,
791 4863 973 4934 ἐξανίστανται
1015 4853 1085 4939 ⁰¹⁶⁰!
1096 4852 1187 4937 ΨΜ
1202 4853 1349 4903 mimus
1365 4853 1456 4939 ΨΜ
1471 4865 1545 4939 (ΙΨ
1555 4854 1615 4939 ‚dut
1626 4854 1769 4941 ,mmm
1787 4870 1805 4907 ⁸
1907 4879 1908 4884 ’

189 4950 217 5011 δέ
238 4949 344 5010 πόντων
362 4950 482 5025 ύστατοι,
503 4952 586 5011 πλείω
607 4951 635 5013 δέ
655 4952 795 5035 ἀποφέρειν
813 4958 865 5014 τῶν
886 4955 973 5015 ἀλλων
994 4940 1128 5021 rmum
1143 4931 1224 4977 mm
1242 4931 1344 4990 mum
1358 4939 1467 4977 mum
1484 4926 1576 4989 um3
1594 4927 1681 4982 dm
1696 4930 1804 4993 amm

190 5038 320 5112 ἀξιοῦσινς
341 5042 365 5102 οί
382 5032 409 5099 ἀί
425 5040 580 5122 ἀστειότεροι
594 5040 722 5109 πολλάκις
746 5044 832 5101 αὐτῶν
846 5043 899 5102 καί.
911 5035 974 5125 ᾆσαι
1016 5002 1178 5142 xxm?
1190 5002 1369 5140 33:253ss
1377 5002 1803 5129 {uffissmcvggffigflmeffissff

188 5124 368 5206 προήχθησαν.
410 5128 464 5188 Καὶ
480 5133 564 5187 ταῦτα
581 5126 629 5206 μὲν
643 5120 687 5189 οὖν
702 5130 901 5209 γελοῖαὴγεῖτο·
919 5132 973 5209 μά·
1016 5154 1095 5213 nque
1110 5150 1272 5213 nocquinus
1287 5151 1328 5201 ue
1343 5150 1573 5201 sumnonem.
1606 5152 1803 5215 murmurem
1907 5153 1908 5160 ¹

189 5212 307 5273 licendi
325 5216 455 5293 ἐμέμνητο
473 5220 525 5276 τῶν
540 5217 584 5276 ἐπί
601 5219 685 5298 μισθῷ
699 5215 906 5299 φιλοσοφούντων
924 5218 970 5276 καί
1016 5239 1101 5277 eurum
1112 5227 1801 5293 mmtiumminsiehat,qoipoutameroedeplrilosopluan·
