3825 5909
202 452 258 505 aab
638 438 792 501 XXXIII.
822 439 928 504 ΠΕΡΙ
956 441 1207 506 ΟΡΧΗΣΕΩΣ.
1237 456 1382 509 til-tlt·
1612 450 1669 530 (tt,
1684 469 1723 513 arr
1737 484 1749 499 ·
1764 456 1813 532 aaa)

198 563 690 651 ήςτραγιρδίαςλιγομένωνόγνοήσει.
731 564 984 649 Ταῦταπιίνυόλίγα
1029 576 1289 642 ὀίουιιευι,ἰηυοιοίιθ.
1320 584 1466 645 tlncpauca
1474 583 1571 635 amede
1579 586 1675 647 multis,
1688 586 1728 637 rei
1737 588 1818 651 patius

199 658 229 717 ὀκ
246 656 362 726 πολλῶν,
385 654 486 727 μᾶλλον
505 650 533 711 al
551 651 666 733 ἀπείρων
682 650 712 711 rb
730 654 829 725 πλῆθος
842 653 935 723 ἐξελὼν
951 652 986 713 rt
1029 665 1818 740 multitudineinlinitia,deuerptaenumeraripraecipna,reliqua

198 738 445 825 κεφαλαιωδέστερα
461 738 602 811 κατέλεξα,
617 738 652 797 τὰ
667 738 735 799 όλλα
752 744 804 809 τοῖς
818 765 846 801 τε
861 746 986 813 ποιηταῖς
1029 756 1166 818 tumpueiis
1172 758 1281 808 canenda
1290 758 1442 823 relinquens,
1450 763 1502 809 tum
1512 760 1572 824 ipsis
1583 760 1733 813 ostendenda
1746 764 1817 817 ηιμ.

199 831 272 914 ἀφεὶς
283 828 355 912 ηῖδειν
367 828 412 888 καί
424 831 477 896 τοῖς
489 828 632 908 ὀρχησταῖς
644 830 731 897 αὐτοῖς
743 828 872 889 δεικνύναι
884 832 929 890 καὶ
942 831 983 891 σοὶ
1028 843 1136 905 toribus,
1147 844 1238 908 tibique
1244 844 1276 895 ad
1284 846 1467 898 similitudinem
1476 848 1646 911 predictorum
1658 851 1817 915 invenienda,

197 916 423 1001 προσεξευρίσκειν
450 916 508 975 καθ’
534 914 678 993 ὁμοιότητα
702 922 754 976 τῶν
778 918 985 999 προειρημένων,
1029 944 1085 994 ηοω
1103 933 1184 982 omnia
1199 934 1224 983 in
1240 938 1352 998 promtu,
1368 934 1435 985 etad
1454 949 1651 1001 unamquamque
1665 941 1818 991 occasionem

197 1006 266 1089 ἅπερ
278 1006 383 1065 ἅπαντα
396 1004 524 1087 πρόχειροι
536 1004 581 1063 καὶ
592 1004 657 1085 πρὸς
666 1003 713 1065 τὸν
722 1004 812 1089 καιρόν
825 1005 935 1067 ἕκαστον
946 1011 985 1089 τῷ
1026 1018 1077 1081 jam
1086 1022 1143 1071 ante
1152 1026 1299 1085 preparata,
1311 1026 1336 1073 et
1347 1022 1372 1073 la
1380 1036 1445 1086 penu
1454 1025 1524 1088 quasi
1534 1024 1638 1089 reposita
1647 1040 1702 1080 esse
1711 1028 1820 1080 salutari

196 1098 316 1178 ὀρχηστῇ
327 1091 561 1176 προπεπορισμένα
573 1091 618 1151 καί
628 1093 872 1175 προτεταμιευμένα
881 1099 984 1156 κεῖσθαι
1028 1120 1127 1159 ιιοοεεσο
1138 1116 1183 1160 est.

196 1186 247 1245 ἀνα
266 1188 351 1244 καῖον.
1264 1229 1268 1240 ,

239 1209 287 1336 liii.
311 1270 390 1333 Ἐπεί
404 1270 432 1331 δὲ
446 1272 588 1351 μιμητικός
601 1277 657 1334 ἔστι
670 1271 716 1332 καί
734 1270 862 1349 κινήμασι
876 1271 908 1331 td
923 1273 985 1355 ᾀδό-
1061 1280 1100 1325 ⁰2·
1118 1274 1318 1340 Quandoquidem
1325 1289 1384 1328 teto
1391 1276 1551 1342 imitatorem,
1560 1281 1586 1331 el
1592 1279 1819 1335 metibueseasteu·

196 1384 267 1440 μενα
292 1360 382 1430 δείξειν
402 1363 582 1440 ὐπισχνεῑται,
599 1366 741 1440 ἀναγκαῖον
765 1364 837 1441 αὐτῷ
858 1359 922 1443 ὅπερ
939 1361 985 1423 καὶ
1028 1376 1214 1428 litiumque
1223 1366 1820 1435 sananturpromittit‚opusestilli,qnemadmo

194 1452 248 1518 τοῖς
265 1448 386 1531 ῥήτορσι,
403 1447 547 1530 σαφήνειαν
566 1450 665 1522 ἀσκεῖν,
683 1451 719 1516 ὡς
734 1448 844 1508 ἕκαστον
860 1452 912 1507 τῶν
927 1450 985 1507 δει-
1028 1450 1089 1502 dum
1098 1458 1123 1503 et
1135 1453 1286 1517 oratoribus,
1301 1468 1415 1505 exeruere
1426 1456 1615 1519 diluciditatem,
1626 1466 1655 1509 ul
1669 1462 1820 1525 unumquod-

195 1535 330 1617 κνυμένων
345 1536 389 1596 ὐπ’
405 1539 486 1596 αὐτοῦ
503 1538 645 1608 δηλοῦσθαι
661 1535 770 1615 μηδενός
784 1536 909 1616 ἐξηγητοῦ
923 1536 984 1596 δεό-
1028 1554 1077 1604 quc
1091 1554 1189 1605 eurum,
1206 1556 1262 1606 qum
1279 1542 1442 1595 ostenduntur
1459 1545 1561 1608 abillo,
1580 1546 1725 1611 declaretur,
1741 1563 1822 1614 neque

196 1648 283 1705 μενον,
296 1624 354 1701 ᾆλλ’
367 1623 493 1706 ὅπερ,ἔφη
508 1628 522 1683 ὁ
535 1624 649 1694 Πυθικὸς
660 1649 679 1705 χ
682 1624 794 1707 ρησμὸς,
806 1627 845 1684 δεῖ
857 1623 901 1683 τὸν
915 1624 982 1685 θεώ·
1028 1628 1159 1693 interprete
1167 1643 1230 1694 opita
1237 1630 1326 1682 lubeat
1334 1645 1341 1680 τ
1349 1632 1463 1695 scdqllod
1471 1631 1533 1683 dixit
1541 1636 1667 1685 oraculum
1678 1637 1821 1701 Pythicum,

197 1737 276 1792 μενον
297 1710 406 1795 ὀρχηοιν
421 1712 467 1773 καί
485 1719 574 1796 κωφοῦ
591 1712 706 1773 συνιέναι
728 1712 827 1793 καὶμὴ
847 1712 985 1781 λαλέοντος
1028 1722 1147 1781 oporteta
1157 1722 1291 1782 spectatore
1300 1720 1434 1771 saltationis
1442 1726 1468 1771 et
1480 1726 1575 1773 mutarn
1582 1723 1730 1788 inteiligi,et
1741 1726 1821 1778 audiri

199 1804 261 1880 (τοῦ
275 1802 420 1883 ὀρχηστοῦ)
437 1800 550 1863 ἀκούειν.
1028 1806 1089 1856 nilril
1098 1806 1237 1870 loquentem
1249 1808 1397 1859 saltatorem.

236 1898 284 1949 aa.
306 1888 345 1951 *0
352 1888 382 1961 δή
393 1887 439 1948 καί
449 1888 600 1971 Δημήτριον
609 1889 654 1949 τὸν
666 1890 778 1951 Κυνικὸν
786 1893 879 1949 παθεῖν
889 1888 984 1969 λέγου-
1059 1898 1099 1945 63.
1116 1894 1698 1959 Quodetiamcyuieouemeuioaeciaisseaiuut.
1732 1904 1819 1962 Quum

197 1999 246 2037 σιν·
261 1977 319 2037 ἐπεί
330 1977 383 2058 γὰρ
394 1975 440 2037 καί
454 1977 531 2045 αὐτὸς
542 1976 620 2057 ὀμοιύ
633 2001 674 2037 σοι
688 1975 829 2059 κατηγόρει
842 1982 889 2050 τῇς
903 1979 984 2059 ὀρχη·
1028 1982 1093 2032 enim
1104 1987 1129 2033 et
1140 1983 1192 2045 ipse
1201 1983 1320 2035 similibus
1329 1987 1488 2048 argumentis,
1500 1987 1590 2052 quibus
1599 1993 1640 2052 tu,
1651 2003 1712 2041 usus
1720 2003 1820 2043 accusa·

196 2068 299 2138 στικῇς,
318 2064 401 2144 λόγων
422 2069 469 2126 τοῦ
489 2067 570 2130 αὐλοῦ
584 2066 630 2125 καί
648 2070 699 2126 τῶν
719 2065 848 2145 συρίγγων
868 2066 914 2124 καί
932 2070 985 2125 τῶν
1029 2076 1065 2120 ret
1076 2070 1330 2133 saltatoriam,dicens
1341 2074 1407 2123 tibiae
1418 2075 1444 2126 et
1455 2074 1591 2126 lisiniarum
1602 2081 1820 2141 etpermssienum

196 2150 302 2213 κτύπων
318 2152 449 2236 πάρεργόν
466 2178 492 2213 τι
505 2152 549 2213 τὸν
564 2154 697 2236 ὀρχηστήν
712 2146 792 2227 εῖναι,
808 2155 890 2233 μηδὲν
905 2153 984 2213 αὐτὸν
1029 2160 1191 2209 accessionem
1208 2174 1263 2211 csse
1279 2161 1432 2225 saltatorem,
1449 2164 1492 2226 qui
1507 2165 1568 2215 nillil
1585 2165 1638 2228 ipse
1652 2166 1821 2220 adactionem

196 2241 297 2325 πρδςτδ
306 2244 395 2325 δρᾶμα
406 2243 593 2327 συντελοῦντα,
601 2241 750 2321 κινούμενον
759 2240 787 2301 δὲ
795 2242 888 2321 ἄλογον
900 2242 986 2310 ἄλλως
1029 2247 1149 2310 conterat,
1162 2247 1205 2299 sed
1217 2253 1344 2299 mereatur
1352 2253 1458 2312 temere,
1471 2256 1537 2302 rnatu
1548 2253 1654 2317 quodam
1663 2254 1821 2308 irrationabili

196 2332 299 2403 κίνησιν
311 2330 356 2390 καί
372 2330 493 2410 μόταιον,
510 2330 612 2397 οὐδενός
626 2332 692 2411 αὐτῇ
705 2335 750 2389 νοῦ
765 2328 918 2411 προσόντος,
932 2334 985 2389 τῶν
1029 2339 1102 2397 atque
1113 2349 1189 2397 vano,
1203 2338 1294 2401 quippe
1309 2337 1349 2387 eui
1360 2338 1497 2389 intellectus
1512 2342 1593 2392 nullus
1608 2342 1679 2404 insit,
1697 2344 1821 2397 fascinatis

197 2419 219 2477 δ’
232 2418 376 2503 ἀνθρώπων
385 2420 439 2487 τοῖς
448 2417 508 2499 περὶ
517 2418 547 2479 τδ
556 2427 668 2500 πρᾶγμα
678 2416 883 2497 γοητευομένων,
895 2420 987 2492 ε’σθῇτι
1030 2422 1125 2472 interim
1137 2422 1275 2475 hominibus
1290 2438 1334 2489 per
1346 2410 1445 2489 οοήυω
1461 2416 1576 2490 adiuncta
1587 2430 1622 2480 rei
1636 2436 1707 2493 sunt,
1725 2439 1821 2485 restem

198 2511 302 2589 Σηρικῇ
314 2506 360 2567 καί
374 2506 532 2589 προσωπείῳ
547 2508 684 2588 εὐπρεπεῖ,
697 2509 771 2588 αὐλῷ
785 2530 813 2565 τε
828 2506 874 2566 καὶ
886 2509 986 2585 τερετί-
1031 2510 1150 2572 ξενίοισι,
1160 2518 1185 2561 et
1193 2525 1321 2576 personam
1329 2512 1467 2576 decentem,
1477 2520 1502 2566 et
1510 2516 1591 2567 tibiam
1599 2524 1672 2582 atque
1680 2521 1821 2573 cantillatlo

198 2614 282 2673 σμασι
298 2594 343 2655 καῖ
362 2600 396 2676 τῇ
413 2598 465 2655 τῶν
487 2594 602 2678 ᾀδόντων
626 2592 755 2677 εὐφωνίᾳ,
774 2585 812 2661 οἷς
829 2596 986 2671 κοσμεῖσθαι
1030 2611 1089 2662 nee,
1106 2599 1229 2662 bomsqae
1245 2602 1383 2651 canentium
1396 2615 1483 2666 uoces,
1499 2604 1589 2667 quibus
1602 2609 1713 2657 eramen
1728 2608 1821 2661 diceret

198 2681 280 2761 μηδὲν
289 2679 317 2743 ὀν
328 2680 358 2741 τὸ
370 2689 414 2741 τοῦ
427 2685 557 2764 ὀρχηστοῦ
568 2693 689 2765 πρᾶγμα·
702 2680 785 2741 θτότε
796 2680 865 2741 κατὰ
877 2681 920 2741 τόν
933 2680 986 2742 Νέ-
1030 2697 1092 2748 opas
1108 2686 1241 2749 saltatoris,
1254 2688 1373 2753 quodper
1388 2690 1488 2741 seniiril
1503 2694 1696 2744 essetmalator
1712 2696 1821 2759 quitum
1905 2749 1906 2758 ,

198 2793 268 2852 ρωνα
278 2771 424 2847 εὐδοκιμῶν
435 2769 567 2852 ὀρχηστὴς
575 2772 621 2830 οὐκ
632 2767 768 2841 ἀσύνετος,
779 2766 813 2835 aa
823 2790 913 2849 φασιν,
925 2769 985 2826 ἀλλ’
1031 2772 1139 2835 lloreret,
1155 2775 1257 2826 Neronis
1273 2777 1438 2840 temporibus,
1453 2792 1502 2829 non
1520 2781 1676 2845 imprudens,
1694 2786 1723 2833 ut
1738 2785 1821 2846 aiunt,

198 2861 221 2917 εἰ
238 2857 285 2917 καί
300 2882 339 2925 τις
358 2857 437 2926 ἄλλος
452 2858 479 2917 έν
497 2882 525 2917 τε
544 2856 659 2940 ἱστορίας
680 2857 773 2938 μνήμη
794 2856 840 2916 καί
858 2855 986 2927 κινήσεως
1030 2861 1074 2911 sed
1092 2862 1114 2912 si
1130 2863 1185 2925 quis
1202 2863 1265 2914 aliua
1282 2871 1307 2915 et
1326 2865 1434 2917 historiae
1449 2868 1564 2918 memoria
1575 2874 1599 2920 et
1614 2876 1696 2921 matus
1710 2871 1823 2925 decentia

197 2946 293 3007 κάλλει
303 2945 440 3025 διενεγκὼν
451 2945 543 3019 ἰδεήθη
554 2953 598 3006 τοῦ
606 2944 760 3029 Δημητρίου
771 2944 985 3024 εὐγνωμονεστοί·
1030 2954 1161 3012 praestem,
1173 2952 1265 3014 pellita
1273 2954 1395 3004 Demetrio
1405 2968 1456 3005 reru
1464 2957 1642 3029 equissimam,
1652 2964 1727 3022 puto,
1736 2966 1765 3011 ut
1774 2963 1822 3013 sal·

197 3057 255 3107 την,
268 3024 343 3111 οἶμαι
348 3078 356 3105 ,
371 3031 419 3106 τήν
431 3033 528 3108 δέησιν,
540 3035 603 3093 ἰδεῖν
618 3032 785 3117 ὀρχούμενον,
797 3032 888 3093 ἔπειτα
902 3057 987 3107 κατη-
1030 3041 1122 3087 tantem
1134 3051 1161 3087 se
1173 3039 1278 3100 videret,
1288 3040 1375 3092 deinde
1385 3048 1509 3094 amisaret
1520 3058 1527 3092 ι
1539 3047 1712 3109 promisitque,
1725 3062 1752 3099 se
1765 3050 1822 3101 abs

197 3122 283 3205 γορεῖν
295 3124 388 3200 αὐτοῦ,
399 3121 445 3181 καί
457 3121 588 3203 ὐπέοχετό
596 3145 626 3200 γε
638 3121 699 3181 οῖνευ
710 3125 791 3182 αὐλοῦ
803 3121 848 3181 καὶ
858 3122 986 3205 ᾀσμάτων
1030 3139 1078 3187 que
1094 3126 1153 3177 tibia
1170 3131 1195 3177 el
1210 3129 1313 3178 canticis
1330 3130 1425 3193 rapiam
1442 3132 1481 3181 sui
1498 3132 1627 3183 iacturum.
1660 3134 1736 3199 quue
1753 3138 1821 3190 lecit.

198 3210 375 3281 ἐπιδείξασθαι
398 3213 481 3293 αὐτῷ·
500 3211 546 3270 καὶ
567 3210 647 3279 οθτως
662 3210 792 3283 ἐποίησεν·
805 3210 920 3291 Ιἡσυχίαν
934 3208 987 3291 γὰρ
1029 3214 1149 3276 Imperatr)
1164 3215 1228 3289 enim
1244 3216 1349 3267 scabello
1367 3219 1520 3281 pulsantibus
1537 3226 1562 3271 et
1576 3222 1716 3274 inllantibus
1732 3226 1822 3291 tibias,

196 3303 251 3367 τοῖς
264 3324 293 3359 τε
305 3304 433 3359 κτυποῦσι
445 3299 491 3359 καὶ
503 3299 555 3368 τοῖς
569 3302 678 3359 αὐλοῦσι
691 3299 737 3359 καί
754 3300 825 3381 αὐτῷ
837 3299 984 3381 παραγγεί·
1029 3301 1151 3365 1110101111
1163 3302 1223 3366 ipsi,
1238 3304 1347 3366 51111110,
1365 3306 1417 3369 ipse
1434 3321 1479 3370 per
1491 3320 1519 3358 ⁸0
1533 3308 1630 3360 Mittit!
1645 3312 1731 3362 Mittit
1746 3317 1825 3379 utque

196 3390 245 3457 λας
257 3390 295 3470 τῷ
310 3390 383 3471 χοριῇ
395 3388 472 3457 αὐτὸς
485 3389 526 3470 ἐφ’
537 3392 631 3447 ἑαυτοῦ
645 3386 787 3469 ὠρχήσατο
799 3386 847 3459 τήν
865 3387 986 3469 Ἀφροδί·
1030 3391 1298 3454 ’ἰευοι-ἰσιιδυίιωίυιυ,
1310 3394 1390 3444 Solem
1399 3395 1558 3459 indicantem,
1569 3399 1721 3451 insidiantem
1731 3404 1822 3455 Vulca-

196 3500 244 3548 της
259 3474 306 3535 καί
316 3472 413 3559 Ἄρεως
424 3476 558 3557 μοιχείαν,
571 3473 666 3538 Ἥλιον
678 3474 811 3554 μηνύοντα
824 3476 869 3535 καὶ
883 3472 987 3557 Ἥφαι-
1030 3492 1103 3541 aum,
1121 3486 1146 3531 et
1161 3480 1257 3531 vincula
1269 3482 1400 3544 ambobus,
1414 3485 1501 3535 Veneri
1516 3498 1546 3535 ae
1558 3488 1644 3549 Marti,
1660 3490 1822 3554 injicientem,

198 3586 258 3624 στον
271 3562 472 3624 ὀπιόουλεύοντα
485 3564 593 3631 καὶτοῖς
603 3566 707 3643 δεσμοῖς
716 3564 888 3647 ἀμφοτέρους,
901 3563 985 3635 τήντε
1029 3570 1207 3632 astantiumque
1222 3570 1322 3621 deorum
1341 3585 1536 3637 unumquemque
1554 3588 1561 3623 ι
1580 3580 1606 3625 et
1627 3580 1747 3629 venerem
1760 3581 1818 3643 qui·

198 3652 402 3733 Ἀφροδίτηνκαὶ
412 3652 456 3713 τὸν
466 3650 548 3733 Ἀρη,
557 3652 735 3730 σαγηνεύοντα
746 3653 792 3711 καί
803 3650 863 3719 τούς
871 3654 986 3735 ἐφεστῶ-
1030 3656 1085 3706 dem
1103 3657 1195 3719 pudore
1215 3659 1346 3722 suffusam,
1370 3660 1521 3724 aliquantum
1540 3668 1690 3716 metuentem
1708 3679 1766 3717 reru
1793 3674 1820 3719 et
1905 3669 1906 3698 1

198 3763 244 3808 τας
252 3740 324 3808 θεούς
332 3740 441 3801 ἕκαστον
450 3740 599 3815 αὐτῶν,καί
607 3742 763 3819 αἰδουμένην
775 3740 822 3820 μὲν
833 3740 882 3813 τήν
891 3741 987 3823 Ἄφρο-
1030 3744 1205 3809 tttpplifflttiem
1216 3748 1330 3811 Martem,
1341 3752 1367 3799 ct
1379 3762 1539 3813 quaecumque
1552 3751 1634 3802 insunt
1646 3754 1671 3803 in
1682 3754 1729 3804 bac
1745 3755 1823 3808 illato

198 3826 280 3901 δίτην,
291 3826 476 3888 ὑποδεδοικότα
489 3827 516 3887 δὲ
527 3827 572 3886 καὶ
584 3828 734 3887 ίκετεύοντα
746 3828 791 3888 τὸν
802 3828 866 3910 Ἄρη
879 3828 926 3888 καί
937 3826 987 3889 ὅσοι
1029 3834 1080 3893 filil
1091 3832 1152 3884 tideo
1161 3839 1269 3898 utsupra
1280 3835 1380 3887 modum
1388 3837 1427 3887 iris
1437 3851 1493 3901 qum
1500 3839 1822 3895 tierentdelectaluslleme·

197 3915 344 3997 σῇίστορίηι
352 3914 435 3997 ταύτῃ
447 3914 596 3997 πρόσεστιν,
609 3914 677 3974 ὥστε
689 3914 732 3974 τόν
744 3916 897 3994 Δημήτριον
909 3920 988 3997 ὐπερ·
1030 3922 1104 3983 trlns,
1116 3922 1179 3973 banc
1193 3923 1300 3973 saltatum
1316 3924 1413 3975 laudem
1429 3927 1560 3977 maximam
1577 3928 1693 3980 tribueret
1710 3944 1718 3981 ι
1739 3934 1820 3983 exele

197 4002 309 4076 ηοθέντα
334 4007 389 4071 τοῖς
407 4000 568 4083 γιγνομένοις
591 4008 683 4062 τοῦτον
706 4002 812 4063 ίπαινον
841 4006 987 4065 ἀποδοῦναι
1030 4011 1106 4060 mavit
1120 4010 1185 4061 enim
1201 4016 1226 4063 et
1237 4013 1341 4063 maxima
1352 4026 1412 4064 roae
1424 4029 1431 4062 ι
1443 4014 1534 4077 Audio,
1550 4016 1642 4081 inquit,
1658 4018 1746 4081 bomo,
1762 4035 1822 4085 qua·

200 4091 245 4151 τόν
264 4090 387 4171 μέγιστον
405 4095 443 4174 τῷ
462 4094 589 4173 ὀρχηστῇ·
610 4090 737 4173 ἀνέκραγε
755 4090 807 4172 γὰρ
821 4090 866 4151 καί
882 4092 985 4172 μεγάλῃ
1030 4097 1453 4167 lacis,nonsolumvldeoraedipsis
1460 4103 1823 4173 mibimanibasloqnirideris.

197 4184 231 4259 τῇ
243 4184 316 4261 φωνῇ
329 4178 514 4259 ἀνεφθέγξατο,
525 4177 638 4253 Ἆκούω,
651 4179 784 4260 ἄνθρωπε,
796 4179 814 4238 θ
825 4181 922 4253 ποιεῖς,
935 4182 986 4261 οὐχ

197 4269 251 4349 apa
265 4266 354 4346 μόνον,
368 4267 439 4328 ἄλλοί
454 4290 499 4345 μοι
514 4268 597 4334 δοκεῖς
607 4271 665 4334 ταῖς
677 4266 768 4348 χερσίν
781 4268 871 4335 αὐταῖς
882 4268 985 4327 λαλεῖν.

238 4364 285 4417 64.
309 4355 387 4417 Ἐπεί
397 4354 425 4415 δὲ
435 4354 557 4415 11131τῦ1
569 4354 681 4438 napum
692 4355 913 4437 tapevrpltpp,
927 4356 988 4436 βθῦ·
1061 4389 1100 4436 et.
1117 4386 1220 4445 Quando
1234 4401 1292 4438 reru
1302 4389 1365 4439 circa
1376 4394 1494 4443 Neronem
1510 4397 1592 4443 nostra
1609 4398 1719 4446 versatur
1727 4398 1820 4457 matio,

197 4447 280 4520 λομαί
294 4443 339 4503 '‘“t
352 4443 487 4525 βαθὸάίου
499 4444 590 4525 ἀνδρὸς
603 4444 633 4503 τὸ
646 4442 690 4502 ἐπὶ
699 4448 745 4502 τοῦ
762 4446 839 4503 αὐτοῦ
854 4446 985 4553 iifl-⁷⁹¹⁶&6
1029 4482 1086 4533 volo
1097 4484 1183 4546 etiam,
1195 4484 1254 4549 quid
1264 4485 1366 4537 barbaro
1375 4487 1466 4537 bomini
1476 4488 1501 4539 in
1510 4490 1595 4544 eodem
1602 4491 1716 4543 saltatore
1726 4496 1820 4545 accide-

198 4534 335 4614 γενόμενον
346 4534 437 4605 εἰπεῖν’
449 4530 645 4615 ὅπείμέῖωτος
656 4530 761 4599 ἔπαινος
775 4534 986 4613 ὀρχηστικῆςγε’
1029 4582 1075 4643 rit,
1087 4594 1289 4646 commemorare,
1304 4598 1361 4648 quse
1374 4585 1474 4649 quidem
1490 4589 1596 4638 maxima
1614 4590 1743 4641 saltatoriae
1758 4594 1820 4643 artis

197 4622 259 4683 νοιτ’
274 4622 315 4681 ἄν·
336 4620 453 4703 τῶνγὰρ
468 4624 497 4680 ἐκ
513 4626 559 4681 τοῦ
574 4621 676 4682 Πόντου
691 4620 832 4702 βαρόοίρων
851 4619 986 4701 βασιλικός
1029 4680 1037 4729 ¹
1151 4680 1157 4689 ‚
1259 4680 1274 4693 ..
1365 4681 1370 4693 Ι
1619 4685 1626 4697 ⁸

196 4736 235 4780 τις
258 4711 393 4792 ἄνθρωπος
415 4710 484 4771 κατοί
510 4734 536 4769 τι
557 4708 634 4791 χρέος
653 4708 725 4782 ήκων
747 4712 782 4777 ύις
804 4708 848 4768 τδν
873 4708 984 4788 Νέρωνα
1038 4692 1082 4729 ⁸¹¹⁸
1097 4678 1175 4730 ‘'¹⁰¹²‘'
1208 4683 1274 4743 Regu
1292 4682 1471 4743 3⁰⁰⁰¹¹⁸h⁰ffl⁰
1484 4682 1516 4733 (¹0
1532 4684 1640 4735 ΨΜ
1655 4685 1819 4751 admunt,

197 4804 287 4860 ἐθεᾶτο
299 4796 426 4877 μετὰτῶν
437 4796 525 4857 ἄλλων
536 4798 580 4857 τὸν
595 4796 727 4879 ὀρχηστήν
742 4798 839 4856 ἐκεῖνον
855 4795 923 4855 οὐτω
936 4820 986 4855 σα-
1029 4777 1166 4840 ‘immiti
1176 4777 1348 4839 ⁰¹¹t¹¹⁸d³m⁸¹¹i
1356 4777 1467 4829 &usui
1476 4782 1714 4843 Νθωθθωῖθθθίθίι
1724 4790 1820 4847 tlectt·

197 4892 251 4968 φῶς
260 4884 429 4968 ὀρχούμενον,
444 4890 479 4954 ὣς
492 4886 579 4947 καίτοι
594 4885 631 4965 μή
646 4883 812 4945 ἐπακούοντα
825 4887 876 4943 τιῦν
889 4882 986 4965 diopi-
1032 4869 1075 4920 bal
1085 4882 1141 4919 cum
1149 4869 1202 4919 aliis
1214 4870 1352 4922 saltatorem
1368 4873 1435 4922 ilium
1450 4870 1577 4923 saltantem
1588 4872 1623 4922 ita
1639 4873 1757 4938 dilucide,
1771 4880 1817 4939 ut,

201 4996 252 5037 νων
263 5012 304 5024 -
322 4973 452 5052 ἡμιέλλην
477 4974 529 5057 γάρ
551 4999 589 5043 τις
609 4973 645 5033 ὧν
666 4972 795 5054 ἐτύγχανε
812 5006 853 5019 -
870 4973 986 5032 συνεῖναι
1029 4966 1128 5017 11111111
1143 4978 1199 5030 quoe
1215 4967 1820 5032 θ111111θ11111111110111111θ11111ί111ί111111ΰῆθω1

165 5126 168 5134 ,
198 5060 331 5121 ἁπάντων.
373 5061 429 5123 Καί
442 5061 474 5135 δὴ
491 5059 576 5123 ἀπιὼν
588 5063 639 5135 ήδη
654 5064 680 5130 ἰς
692 5060 740 5132 τλν
755 5058 863 5134 οἰκείαν,
876 5065 921 5119 τοῦ
936 5058 986 5121 Νέ·
1028 5061 1093 5112 enim
1102 5061 1502 5126 erat),amniatameaiatelligeret
1534 5066 1819 5128 ltaqueqaumreditum

199 5172 278 5232 ρωνος
291 5148 453 5228 δεξιουμένου
467 5152 514 5212 καί
531 5150 547 5211 ό
562 5176 587 5211 τι
603 5151 722 5232 βούλοιτο
737 5152 820 5208 αἰτεῖν
835 5146 986 5217 κελεύοντος
1026 5154 1077 5218 iam
1094 5157 1188 5217 pararet
1202 5154 1227 5204 in
1242 5155 1357 5220 patriam,
1371 5158 1464 5207 lterone
1480 5154 1548 5205 illum
1569 5156 1759 5222 complectente,
1776 5164 1805 5210 et

198 5237 244 5299 καί
261 5235 353 5297 δύσειν
371 5238 591 5321 ὑπισχνουμένου,
610 5239 665 5300 Τὸν
685 5234 828 5321 ὀρχηστήν,
847 5236 912 5320 ἔφη,
927 5235 986 5306 δούς
1028 5247 1144 5313 quioquid
1157 5247 1350 5311 reliet‚5ubente
1358 5247 1818 5313 petere,atquadarepollioeuta,ltea·
