3825 5909
133 410 186 491 (or
203 442 219 453 .
239 401 292 485 or)
706 400 773 465 liv.
794 398 1020 464 PisctTOR.
1043 412 1136 465 eo-
1154 416 1200 469 ιι.
1701 420 1753 473 ιιι
1851 484 1858 498 ‚

145 537 226 620 σορὸν
243 530 378 617 κεκραγὼς
399 530 490 615 μικρδν
505 530 610 615 ὕστερον
630 533 698 591 αἰτεῖ
715 532 864 615 προσελθὼν
880 532 927 593 καλ
967 558 1021 595 esse
1034 546 1170 611 sapientem
1177 547 1276 609 clamet,
1290 547 1370 611 paullo
1380 549 1439 612 post
1452 544 1549 610 rogandi
1559 560 1631 597 ceusu
1643 548 1753 609 aceedit,

145 626 290 703 ἀγανακτεῖ
312 619 350 700 μή
367 618 468 694 λαόιθν,
483 620 573 699 όμοιον
594 622 630 687 ὣς
654 620 679 679 εί
695 644 734 688 πς
753 623 780 681 ἐν
797 624 927 702 βασιλικῷ
968 634 993 681 ei
1004 631 1049 681 nisi
1059 633 1190 696 occeperit,
1201 632 1337 695 indignatur
1347 648 1353 681 :
1364 634 1573 697 nonaliierquem
1588 634 1609 683 si
1619 634 1672 697 quis
1684 634 1754 685 inre·

145 710 268 792 σχήματι
279 708 456 792 ἀρθήντιόραν
465 707 534 789 ἔχων
542 708 587 768 καλ
598 708 715 787 διάδημα
727 708 772 768 καλ
781 709 866 768 τᾶλλα
879 707 928 768 όσα
969 716 1098 777 gichabitn
1108 718 1192 791 mrem
1199 721 1379 781 rectemgerens
1387 718 1544 780 scdiadema,
1553 723 1579 771 et
1587 719 1754 783 reliquaqnot·

184 797 284 865 σιλείας
303 794 473 877 γνωρίσματα
490 795 646 935 προσαιτοίη
665 799 716 855 τῶν
736 794 929 877 ὑποδεεστέρων
969 808 1030 865 quot
1047 808 1104 855 sunt
1116 804 1308 867 insignieregni,
1322 804 1456 869 mendicet,
1472 818 1558 869 rogans
1572 819 1586 855 α
1598 806 1754 857 tenuioribus.

497 898 542 934 ον

226 900 294 945 νος..
326 875 415 936 Ὅταν
434 874 483 952 μὲν
556 874 650 940 αὐτούς
666 898 693 933 τι
710 874 756 954 δέῃ
774 874 929 954 λαμόοίνειν,
970 896 1052 952 Quum
1064 889 1137 952 igitur
1154 894 1248 953 eperunt
1261 890 1351 953 aliquid
1366 890 1486 954 occipere,
1497 891 1573 941 mulin
1591 891 1622 943 de
1637 893 1754 944 bonorum

143 964 255 1030 πολθςθ
273 962 393 1043 περὶτοῦ
412 961 561 1021 κοινωνικὸν
576 955 642 1021 εἶναι
660 963 713 1047 δεῖν
732 962 808 1040 λόγος
828 962 873 1022 καλ
894 966 930 1029 ὥς
970 976 1032 1027 iuter
1044 978 1164 1041 sapientes
1175 976 1344 1028 communione
1358 978 1669 1041 dispumio,etqusmres
1678 980 1755 1031 sitin·

143 1050 288 1133 ἀδιάφορον
298 1053 313 1107 δ
324 1051 435 1115 πλοῦτος
447 1048 506 1122 κᾶλα
515 1047 542 1107 τί
552 1047 603 1131 γὰρ
614 1049 644 1108 τὸ
653 1047 761 1130 illidii!
775 1048 793 1120 ἢ
807 1048 929 1130 ἀργύριον
971 1065 1084 1117 dillerens
1094 1066 1196 1117 divitie!
1210 1066 1274 1126 Quid
1287 1066 1366 1128 enim,
1376 1066 1467 1129 inquit,
1481 1078 1567 1116 eurum
1577 1068 1661 1117 estrei
1674 1081 1755 1131 argen-

145 1137 222 1199 οθδλν
234 1142 287 1197 τῶν
301 1139 328 1195 ἕν
340 1137 393 1203 τοῖς
403 1138 531 1215 αίγιαλοῖι
541 1136 660 1219 ψηφίδων
675 1135 811 1219 διαφόρους
825 1134 887 1195 όταν
901 1134 930 1195 θί
972 1155 1037 1215 tum,
1049 1152 1107 1202 nihil
1117 1153 1214 1204 calenda
1229 1153 1254 1203 in
1266 1152 1336 1203 litore
1352 1150 1460 1203 dotans?
1475 1151 1501 1203 Si
1519 1164 1576 1202 vero
1591 1152 1644 1215 opis
1660 1152 1755 1216 indigus

143 1250 186 1294 τις
199 1223 348 1305 &implet
361 1222 483 1303 δεόμενοι
496 1227 597 1306 {vulpot
610 1226 641 1283 ἔκ
661 1227 776 1284 παλαιοῦ
790 1224 836 1283 καί
853 1224 930 1307 φίλοι
971 1238 1058 1289 sodalis
1066 1244 1135 1291 relus
1142 1244 1167 1290 et
1174 1241 1267 1291 amicus
1274 1239 1390 1291 accedens
1397 1253 1428 1290 ex
1437 1238 1519 1289 multis
1525 1238 1632 1302 paullum
1640 1237 1755 1301 quiddam

139 1314 202 1397 ἐπιδ
215 1315 321 1373 πολλῶν
332 1312 409 1391 δλίγα
422 1314 485 1392 αἰτῇ
498 1311 660 1393 προσελθὼν,
671 1312 758 1384 σιωπὴ
771 1312 818 1371 καὶ
831 1312 929 1393 ἀπορία
972 1332 1052 1392 roget,
1070 1328 1206 1391 silentium,
1223 1332 1311 1389 aestus,
1331 1328 1425 1377 inscitia
1438 1330 1464 1379 et
1473 1326 1603 1378 verborum
1620 1326 1714 1377 illorum
1730 1327 1755 1377 in

145 1401 194 1461 καὶ
206 1399 307 1479 ἀμαθία
318 1398 365 1459 καλ
375 1398 521 1480 παλινῳδία
531 1403 584 1457 τῶν
595 1399 680 1478 λόγον
689 1399 794 1482 πρδςτδ
806 1398 928 1460 ἐναντίον·
971 1415 1113 1465 contrarium
1132 1416 1274 1467 sententiam
1290 1416 1445 1466 retractatio:
1467 1414 1549 1465 multoe
1567 1415 1648 1465 eutem
1666 1414 1714 1465 itlae
1724 1414 1755 1465 de

144 1494 171 1549 οί
185 1488 215 1548 δύ
225 1486 321 1548 πολλοὶ
332 1509 367 1545 πε
383 1486 495 1568 iente<
508 1490 601 1547 ίκεῖννι
614 1486 687 1567 λόγοι
700 1487 776 1559 καλή
791 1486 872 1569 &ptri
884 1487 929 1547 καλ
971 1503 1075 1553 amicitia
1084 1503 1270 1567 disputationes,
1283 1506 1308 1554 et
1318 1502 1410 1565 virtiu,
1422 1507 1447 1554 el
1457 1502 1692 1565 honestum,nescio
1707 1516 1756 1567 quo

145 1576 178 1635 τθ
191 1573 274 1634 ιιαλθν
285 1576 334 1633 οὒκ
346 1510 394 1633 ‘iffi'
405 1571 466 1633 ίπνι
477 1572 540 1632 πθτί
554 1572 849 1653 ῠίχῑταῑπᾶιταταῧτα
864 1576 930 1633 ἄπο-
972 1596 1068 1655 repento
1087 1587 1181 1655 obiere,
1197 1592 1277 1641 omnia
1293 1590 1392 1655 quidem
1409 1590 1549 1653 evolamnt,
1570 1590 1678 1640 volucris
1698 1603 1755 1641 rere

145 1661 287 1741 καόμενα,
298 1658 443 1742 πτερόεντα
454 1663 490 1727 ὣς
506 1662 608 1731 ἀληθῶς
621 1658 687 1733 ἔπι,
701 1660 788 1739 μάτην
801 1660 930 1743 ὁσημέραι
971 1680 1057 1742 verbu,
1076 1682 1164 1743 quilius
1180 1684 1270 1731 temere
1280 1678 1387 1743 quotidie
1402 1679 1427 1729 in
1443 1678 1532 1729 scholis
1548 1678 1598 1729 suis
1614 1678 1755 1729 umbratiles

143 1750 214 1833 πρὸς
226 1752 312 1809 αὐτῶν
323 1752 351 1809 ἐν
361 1752 419 1815 ταῖς
429 1746 573 1828 διατριόαῖς
583 1747 810 1828 σκιαμαχούμενα.
972 1779 1064 1831 pugnas
1073 1766 1169 1816 ludunt

188 1850 238 1901 δύ.
260 1835 348 1917 Μέχρι
360 1834 412 1915 γδρ
421 1834 514 1893 τούτου
524 1834 598 1915 φίλος
607 1833 716 1903 ἕκαστος
727 1838 822 1908 αὐτῶν,
834 1838 860 1903 ἀς
871 1834 930 1897 ὅσον
1003 1850 1041 1897 36.
1056 1846 1164 1897 Eoenlm
1170 1846 1510 1910 nequeunusqulsqueeorum
1517 1846 1667 1908 amiensem,
1675 1846 1755 1911 quoad

144 1926 181 1985 ἂν
195 1924 235 2004 μή
249 1922 370 2005 ἀργύριον
381 1920 399 1993 ή
412 1921 520 2003 χρυσίον
536 1913 554 2001 ᾖ
568 1920 739 2002 προκείμενον
753 1927 780 1983 όν
794 1926 832 2005 τῷ
847 1922 930 2006 μίσιρ·
972 1934 1143 1997 argentumve!
1156 1948 1243 1985 sunam
1256 1935 1282 1985 in
1294 1934 1374 1985 medlo
1384 1936 1491 1999 positum
1504 1948 1552 1986 non
1564 1935 1636 1985 luerit
1648 1949 1655 1983 r
1668 1935 1755 1999 siquis

145 2014 181 2084 ἣν
195 2011 226 2073 δέ
236 2035 276 2079 τις
287 2009 380 2070 θόολδν
389 2008 503 2090 ἐπιδείξῃ
518 2007 605 2087 μόνον,
616 2008 723 2069 λέλυται
734 2010 810 2088 μάνή
824 2010 930 2092 εἰρήνη,
972 2034 1031 2073 vero
1047 2022 1145 2073 obolum
1161 2034 1237 2071 unum
1251 2021 1394 2084 ostenderit,
1412 2023 1478 2073 ilicet
1497 2026 1569 2086 rupta
1585 2034 1649 2086 pax,
1666 2026 1694 2071 ut
1710 2034 1756 2073 nse

147 2097 311 2162 immol
327 2098 374 2157 ssi
390 2096 525 2179 ἀκήρωτα
537 2095 642 2171 πάντα,
656 2098 703 2157 και
714 2095 749 2157 τι
764 2097 854 2178 μελισ
869 2098 931 2167 ein·
970 2110 1021 2173 jam
1036 2110 1120 2160 ιαιειι
1136 2109 1215 2172 που,
1225 2122 1272 2159 ιιι
1282 2109 1385 2173 prowm
1402 2110 1436 2160 ιιι
1451 2096 1566 2161 πόσαι
1582 2109 1655 2160 :non
1668 2108 1754 2171 σειειι,

146 2189 277 2262 λήλιπται
291 2186 338 2247 καλ
355 2190 373 2258 ή
391 2183 472 2266 ἀρετή
489 2183 626 2266 πέφευγεν,
643 2177 697 2245 οίόν
715 2208 742 2245 τι
757 2185 803 2245 καλ
818 2189 842 2246 oi
855 2185 929 2255 κύνες
973 2196 1034 2260 rugit
1042 2197 1120 2247 virias
1131 2211 1137 2246 :
1148 2196 1347 2259 cniusreisimile
1353 2196 1469 2260 quiddam
1478 2209 1524 2247 usu
1533 2197 1706 2247 reniteaniluus
1716 2198 1754 2247 :sl

146 2279 308 2357 πόσχουσιν·
317 2273 424 2335 ἐπειδάν
432 2272 808 2351 τιςάσιοῖινίςμίσουςαύτοθς
817 2273 931 2354 ἔμόόλῃ,
973 2284 1028 2349 quis
1039 2298 1068 2335 os
1079 2298 1104 2335 in
1115 2284 1207 2335 medios
1217 2284 1271 2335 illos
1280 2285 1425 2349 proiecerit,
1436 2283 1564 2347 exsiliunt,
1576 2284 1686 2335 mordent
1694 2284 1755 2334 inri-

148 2362 367 2436 ἀναττηδήσαντες
377 2360 514 2420 δάκνουσιν
529 2359 658 2432 ἀλλήλους
667 2360 714 2420 καλ
729 2361 773 2420 τδν
787 2362 931 2443 προαρπό-
972 2384 1038 2439 cem3
1053 2385 1157 2437 eumque
1171 2373 1214 2436 qui
1230 2386 1259 2423 os
1275 2372 1398 2437 praeripuit
1413 2372 1532 2423 alludent.
1565 2372 1659 2423 Dicitur
1673 2376 1754 2423 nutem

144 2450 276 2513 σαντατδ
287 2452 379 2509 ἀστῶν
392 2450 542 2507 ὑλακτοῦσι.
582 2447 735 2528 Λίγεταιδί
749 2449 795 2509 καλ
810 2448 932 2529 βασιλεύς
973 2474 1015 2513 rex
1026 2461 1098 2511 etism
1116 2460 1202 2523 uliquis
1219 2460 1344 2523 &godus
1360 2460 1442 2510 simios
1453 2459 1575 2523 quondam
1587 2458 1697 2511 docuisse
1708 2460 1754 2510 sol·

145 2565 189 2609 ςςς
208 2537 351 2613 ,tl-{dmg
365 2535 492 2607 πιθήκοις
509 2534 574 2595 nori
589 2536 751 2617 πυρριχίζειν
769 2537 871 2607 διδάξαι
886 2538 931 2598 καί
972 2549 1199 2613 iarepyrrlriclram,
1211 2548 1398 2613 eesqnebestias
1409 2548 1624 2611 (lucillimeeuiem
1636 2548 1755 2598 hammes

146 2627 183 2687 τδι
196 2626 275 2708 θηρία
285 2658 326 2671 -
341 2622 510 2703 μιμηλότατα
528 2622 557 2682 δέ
570 2625 626 2681 lert
638 2627 692 2683 τῶν
706 2624 873 2705 ἀνθρωπίνων
890 2660 932 2671 -
973 2636 1096 2687 imitantur
1111 2634 1232 2699 ασίίοιιοι)
1248 2635 1361 2687 didicisse
1368 2635 1486 2697 celeriter,
1496 2638 1521 2685 et
1534 2635 1634 2686 edissae
1645 2634 1671 2685 in
1685 2634 1758 2685 rmil-

147 2716 275 2793 ἑιιμαθεῖν
290 2711 406 2792 πόχιστα
423 2710 469 2769 καλ
485 2712 620 2791 ὀρχεῖσθαι
638 2711 794 2794 ἁλουργίδας
806 2712 931 2793 ἀμπεχό-
973 2724 1026 2774 bus.
1034 2724 1176 2788 purpureis,
1189 2728 1214 2775 et
1229 2727 1369 2787 peremtas
1374 2723 1481 2786 ,diuque
1496 2723 1622 2786 promtum
1634 2726 1755 2787 spectaren-

145 2824 219 2883 μενα
230 2800 277 2861 καί
287 2800 440 2881 προσωπεῖα
449 2797 631 2879 περικείμενα,
642 2798 688 2859 καῖ
702 2798 781 2880 μέχρι
791 2824 822 2880 γε
833 2804 930 2860 πολλοῦ
973 2813 1037 2874 lum;
1047 2812 1125 2863 donec
1133 2814 1254 2875 spectator
1263 2810 1350 2875 aliquis
1366 2813 1478 2872 resume,
1489 2811 1531 2875 qui
1542 2811 1754 2873 nucessinugere

147 2889 297 2965 εὐδοκιμεῖν
311 2884 359 2957 τήν
374 2885 443 2959 θίαν,
455 2885 519 2967 ἄχρι
528 2885 561 2958 δή
572 2909 611 2953 τις
625 2885 718 2958 θεατής
731 2890 833 2957 ἀστεῖος
845 2888 931 2971 καίρια
973 2904 1024 2961 ret,
1043 2899 1168 2964 projiceret
1183 2911 1224 2950 eos
1240 2898 1266 2948 in
1281 2898 1405 2949 medium:
1423 2902 1474 2949 tum
1486 2911 1544 2949 vero
1559 2898 1637 2959 simii,
1649 2900 1702 2949 viss
1713 2912 1755 2960 re,

147 2976 201 3037 θπδ
222 2974 321 3036 κόλπον
334 2972 403 3053 ἔχων
422 2976 521 3051 ἀφῆκεν
540 2976 565 3041 ἐς
583 2972 614 3033 τδ
632 2972 720 3053 μίσον·
738 2979 762 3034 ol
781 2975 808 3035 δὲ
826 2976 932 3049 πίθηκοι
974 2985 1757 3050 obitusnudonis‚ropentepropyrriricmstisrimiiquoderant

148 3064 248 3130 ἰδόντες
259 3060 305 3121 καὶ
313 3058 482 3137 ἐκλαθόμενοι
489 3064 538 3132 τῆς
545 3060 693 3142 ὀρχήσεως,
704 3063 774 3122 τοῦθ’
783 3062 847 3144 ὅπερ
855 3054 932 3137 ἦσαν,
975 3076 1078 3137 scilicet,
1094 3074 1162 3137 iacti,
1172 3073 1250 3123 laires
1265 3074 1411 3135 contrivere,
1428 3073 1584 3137 laceratisque
1600 3074 1711 3124 recubus
1726 3072 1757 3124 de

147 3152 258 3225 πίθηκοι
271 3147 389 3225 ἐγίνοντο
406 3147 463 3207 ἀντλ
475 3151 653 3230 πυρριχιστῶν
672 3149 718 3209 καλ
734 3148 881 3232 ξυνίσριόον
897 3149 932 3209 τὰ
975 3162 1093 3213 fructibus
1107 3162 1211 3213 invicem
1223 3160 1388 3225 depugnarunt
1405 3160 1465 3211 :illa
1476 3160 1712 3225 entemqurrliiolres
1722 3161 1756 3211 ln·

147 3240 306 3321 προσωπεῖα
317 3235 363 3295 καί
373 3234 421 3308 τὴν
433 3238 531 3307 ἐσθῆτα
541 3236 733 3319 κατερρήγνυον
743 3238 789 3297 καὶ
802 3237 933 3319 ἐμάχοντο
976 3250 1070 3302 stitutio
1078 3250 1195 3301 dissoluta
1203 3249 1261 3301 rieul
1271 3249 1317 3301 luit
1325 3248 1507 3313 spectntoribne

148 3327 212 3409 τειρλ
228 3330 277 3397 τῆς
293 3322 398 3404 θριόιρας
410 3323 475 3406 πρδς
487 3323 633 3403 ἀλλήλους,
647 3325 677 3384 τὸ
689 3324 716 3385 δὲ
730 3324 869 3404 σύνταγμα
884 3330 932 3399 τῆς

148 3412 282 3496 πυρρίχης
294 3410 426 3471 διελέλυτο
438 3410 484 3469 καλ
495 3415 658 3490 κατεγελᾶτο
669 3411 720 3472 ύπδ
733 3418 780 3472 τοῦ
794 3413 912 3495 θεότρου.

192 3514 241 3563 37.
263 3502 382 3561 Τοιαῦτα
409 3497 455 3557 καί
480 3492 552 3560 οὗτοι
570 3506 688 3573 ποιοῦσι,
710 3498 755 3559 καλ
775 3498 859 3579 ἔγωγε
874 3499 934 3568 τοθς
1007 3506 1047 3555 ³7.
1065 3502 1132 3557 Telis
1140 3504 1351 3569 lgiturhlquoque
1359 3504 1459 3555 indum.
1475 3504 1574 3557 Talibus
1581 3516 1627 3568 ego
1635 3504 1757 3565 muledlsi,

150 3588 283 3655 τοιούτους
291 3588 379 3653 κακῶς
387 3585 510 3666 ἠγόρευον
521 3586 567 3646 καί
579 3584 674 3647 ούποτε
682 3586 821 3667 παύσομαι
835 3586 935 3668 διελίγ-
976 3606 1054 3655 neque
1063 3605 1169 3655 unquam
1183 3592 1292 3643 desinam
1303 3592 1445 3644 convincere
1455 3592 1550 3643 illorum
1563 3590 1674 3656 fraudes,
1684 3591 1758 3656 ipsoe-

149 3701 208 3757 χαιν
231 3674 278 3735 καὶ
293 3675 439 3755 κωμῳδῶν,
460 3672 520 3753 περὶ
533 3677 605 3751 ἀμῶν
624 3672 652 3732 δὲ
667 3675 685 3745 ἢ
699 3678 750 3733 τῶν
765 3678 826 3753 ὑμῖν
843 3698 933 3755 παρα-
976 3694 1025 3744 qne
1038 3678 1150 3731 ridendos
1164 3680 1272 3745 praebere
1285 3694 1291 3731 ι
1306 3678 1337 3731 de
1348 3680 1418 3730 vobis
1434 3693 1492 3731 vero
1504 3681 1661 3743 vestrumque
1676 3680 1758 3731 simili·

150 3761 273 3835 πλησίων
286 3795 326 3808 -
340 3761 390 3821 elsi
402 3759 469 3841 γὰρ,
484 3760 536 3820 εἰσί
546 3784 612 3829 τινες
622 3764 657 3829 ὡς
667 3762 770 3834 ἀληθῶς
780 3761 934 3844 φιλοσοφίαν
977 3769 1023 3819 bus
1033 3768 1043 3831 (
1049 3772 1106 3818 sunt
1114 3767 1189 3828 enim,
1198 3768 1255 3818 sunt
1265 3766 1364 3830 quidam
1371 3778 1428 3817 vere
1435 3768 1555 3817 εοοῑιιιῑεε
1564 3765 1758 3829 philosophiam,

152 3852 292 3923 ζηλοῦντες
304 3848 416 3915 καὶτοῖς
430 3846 564 3929 ὑμετέροις
576 3846 664 3926 νόμοις
677 3848 832 3927 ἐμμένοντες
845 3884 884 3895 -
896 3849 934 3927 μή
977 3857 1104 3919 legumque
1113 3858 1247 3905 ιοιιιτιτυιιι
1256 3852 1569 3915 σθεετιιιιιίοιλεθείιιιυο
1579 3854 1674 3905 ineante
1681 3853 1760 3920 illuni

151 3937 223 3997 οὕτω
237 3934 346 4014 μανείην
365 3933 418 4014 ἐγὼ
436 3938 471 4001 ὣς
491 3934 646 4016 βλάσφημον
662 3939 743 3994 εἰπεῖν
758 3959 784 3994 τι
798 3933 816 4007 ἢ
832 3935 933 3998 σκαιόν.
977 3944 1178 3995 contumeliosum
1192 3942 1320 4007 quicquam
1330 3948 1373 3993 aut
1383 3942 1507 3993 sinistrum
1520 3942 1607 3993 dicem
1640 3946 1688 3993 Aut
1701 3943 1760 4008 quid

150 4022 191 4086 *ll
209 4023 236 4083 τί
253 4022 304 4104 γδρ
320 4021 353 4081 δν
371 4024 452 4081 εἰπεῖν
471 4020 573 4102 ἔχοιμι,
592 4022 619 4081 τί
635 4020 687 4104 γδρ
700 4025 761 4102 ὑμῖν
775 4029 876 4083 τοιοῦτο
891 4028 936 4104 βε-
977 4032 1079 4083 labeum
1092 4030 1254 4095 diceretquid
1263 4030 1329 4082 enlm
1338 4031 1425 4081 norum
1434 4030 1512 4081 simile
1523 4035 1561 4082 est
1570 4030 1595 4081 ln
1606 4030 1760 4083 vltarestrai

152 4112 263 4184 όίωταις
281 4108 340 4178 τοδς
358 4108 387 4170 δὲ
406 4107 533 4179 ἀλαζόνας
542 4109 663 4189 ,ἐκείνους
680 4109 726 4169 καί
744 4111 809 4177 θεοῖς
828 4110 936 4192 ἐχθρούς
978 4123 1010 4171 at
1024 4120 1156 4171 insolentes
1169 4120 1223 4171 illos
1238 4122 1263 4170 et
1273 4118 1321 4169 diis
1330 4118 1422 4169 invisos
1433 4118 1490 4169 odio
1501 4119 1626 4182 persequi,
1638 4122 1711 4182 pute,
1723 4118 1760 4169 les

152 4200 224 4269 ἄξιον
244 4188 320 4277 οἶμαι
338 4202 433 4275 μισεῖν.
484 4196 524 4259 Ἣ
545 4196 576 4256 σθ
596 4195 661 4279 γάρ,
684 4186 707 4257 ό)
726 4196 869 4280 Πυθαγόρα
889 4198 936 4258 καλ
977 4210 1024 4259 est.
1056 4207 1108 4258 llisi
1124 4206 1185 4257 sorte
1195 4207 1396 4270 sumetingen,
1408 4206 1525 4267 eil’lnto,
1541 4212 1566 4257 et
1577 4206 1760 4270 chrysippe‚et

149 4286 269 4351 Πλάτων
283 4284 328 4345 καῖ
340 4284 480 4366 Χρύσιππε
491 4284 538 4345 καὶ
548 4284 734 4367 Ἀριστότελες,
743 4284 770 4344 τί
779 4309 845 4366 φατε
856 4309 936 4365 προσ·
978 4296 1106 4358 triatoles,
1116 4295 1146 4345 nd
1159 4308 1204 4346 vos
1212 4294 1331 4359 peninere
1339 4294 1468 4359 quidquem
1478 4293 1563 4345 dicetis
1574 4294 1644 4355 tales,
1654 4296 1697 4344 eut
1707 4306 1759 4357 pro·

150 4376 225 4448 ήκτιν
247 4374 311 4451 ύμῖν
332 4371 392 4439 τοθς
410 4371 541 4441 τοιούτοις
560 4372 578 4444 ἢ
597 4372 690 4433 οἰκεῖόν
710 4396 736 4431 τι
753 4372 799 4432 καλ
820 4371 936 4451 ξυγγενὲς
977 4385 1058 4449 prium
1065 4381 1759 4448 quicqnemvestrtlmetcognatumvitnsuedemunstrare:

151 4461 346 4525 ἐπιδιίκνυσθαι
362 4463 401 4540 τῷ
419 4458 483 4543 βίιρς
498 4459 530 4533 νή
545 4459 597 4523 Δία
621 4460 771 4543 Ἡρακλῆς,
789 4460 869 4540 φασὶ,
890 4461 936 4521 καὶ
978 4469 1329 4533 qumtaacidcetsiercudcum
1337 4469 1407 4521 simia
1416 4468 1568 4522 necessitudo
1576 4472 1621 4519 est.
1654 4468 1760 4519 ,intorto

149 4549 271 4621 πίθηκος.
323 4548 362 4609 Ἢ
383 4545 448 4606 διότι
465 4546 593 4627 πώγωνας
613 4546 703 4627 ἔχουσι
721 4547 766 4608 καλ
785 4549 935 4629 φιλοσοφεῖν
978 4556 1044 4623 quod
1061 4556 1147 4607 herbas
1166 4556 1310 4607 submittunt
1326 4562 1351 4608 et
1369 4556 1531 4619 philosophari
1549 4569 1575 4607 se
1590 4554 1720 4618 predicant
1735 4558 1761 4605 et

150 4636 283 4720 φάσκουσι
295 4634 343 4695 καῖ
354 4633 502 4717 σκυθρωποί
513 4637 578 4710 εἰσι,
588 4634 632 4694 διδι
644 4640 721 4695 τοῦτο
728 4634 781 4717 χρή
792 4640 852 4713 ὑμῖν
865 4634 935 4695 εἰκό-
978 4643 1040 4693 trncl
1047 4643 1116 4693 uultui
1124 4647 1194 4703 eunt,
1204 4642 1361 4706 propterhaec
1369 4642 1438 4693 vobis
1445 4641 1760 4705 assimilereillosoporteti

150 4729 204 4796 ζειν
218 4720 330 4796 αύτούς,
345 4723 404 4781 ἀλλ’
416 4722 514 4801 ήνεγκα
528 4720 571 4797 δν,
586 4726 610 4783 εἰ
619 4722 723 4783 πιθανοὶ
733 4729 795 4803 γοῦν
807 4714 875 4795 ήσιιν
889 4722 936 4785 καλ
978 4731 1050 4794 Atqui
1060 4730 1171 4795 equidem
1189 4731 1275 4781 terrem
1285 4730 1354 4793 illos,
1370 4731 1392 4781 si
1408 4732 1435 4781 in
1449 4730 1501 4793 ipsa
1511 4730 1553 4781 ills
1568 4728 1693 4779 histrionis
1706 4742 1759 4793 pro·

149 4808 718 4891 ἀπῖτῖηςθποιιρίσεωςαθτῆς·νῦνδὲθᾶττον
731 4808 936 4892 θνγδψάηδόνα
977 4818 1070 4869 habiles
1080 4818 1240 4881 essenlzjnm
1250 4832 1309 4869 vero
1318 4818 1410 4869 lucilius
1419 4816 1543 4868 lusdnism
1553 4816 1635 4867 vultur
1645 4816 1761 4880 imitetur,
1882 4818 1886 4825 “

150 4888 414 4979 μιμήσαιτοήοθτοι
424 4896 586 4980 φιλοσόφους.
627 4896 733 4981 Είρηκα
744 4896 810 4979 ὑπὲρ
819 4899 935 4976 ἐμαυτοῦ
978 4920 1051 4971 quam
1063 4907 1276 4972 istiplrilosophos.
1309 4906 1364 4957 Dixi
1375 4919 1419 4969 pro
1428 4918 1468 4955 me
1476 4918 1531 4969 qun
1542 4904 1670 4955 habebam
1703 4908 1759 4957 lum

150 4988 242 5145 όιιτὼςόσριἶ
250 4977 345 5149 weg·
359 4983 416 5131 ἐσΣτιθ
431 4974 507 5061 δῖ,ι’θ
520 4985 657 5062 Ἀλήθεια,
671 4983 799 5068 μαρτύρει
811 4984 876 5069 πρδς
887 4988 935 5046 αθ·
977 5000 1019 5059 tu,
1028 4995 1137 5058 Veritus,
1147 4994 1311 5047 sennodum
1319 4992 1383 5060 apud
1395 4992 1466 5046 hoece
1475 4992 1589 5060 perhibe,
1600 4992 1621 5045 si
1632 5005 1689 5046 vera
1700 4994 1757 5045 sint.
