3825 5909
361 374 382 431 ll
909 382 1125 445 euastata.

351 542 443 591 mus.
463 514 801 589 Hemsterlrusianas
817 538 857 585 ea
871 537 942 610 qua
957 511 1108 583 decebat
1124 508 1300 581 modestia
1315 508 1573 600 tractabamus,
1587 510 1681 583 nihil

352 641 562 713 mutationis
582 636 814 709 admittentes
841 636 912 707 nisi
931 633 997 707 ubi
1020 632 1075 704 vel
1090 655 1201 728 graeca
1218 644 1342 701 nostra
1360 629 1493 702 diserte
1509 656 1681 729 pracipe-

351 778 452 851 rent,
469 762 524 832 vel
543 762 651 832 latina
670 758 778 830 nimis
793 771 911 829 essent
927 754 1112 853 impedita.

398 884 547 979 Reliqua
574 882 716 971 omnia,
737 905 759 951 a
784 881 879 952 libro
897 879 940 949 de
957 881 1059 950 Sacri
1082 879 1170 966 cris,
1189 900 1269 973 pag.
1294 874 1363 947 525
1387 873 1445 945 ed.
1469 874 1680 965 Reitzianae‚

351 1006 396 1078 ad
419 1006 548 1092 finem,
568 1003 675 1075 nobis
702 1002 908 1099 judicibus,
934 1002 1065 1072 eximie
1092 996 1277 1069 transtulit
1296 998 1468 1068 Matthias
1495 1002 1682 1069 Gesneras.

351 1158 369 1193 a
382 1125 495 1214 lllud,
516 1156 533 1191 n
555 1125 698 1221 inquit,
716 1154 734 1189 α
750 1125 844 1194 inter
864 1122 933 1194 alia
954 1120 1039 1192 dedi
1057 1143 1225 1216 operam,
1247 1132 1311 1207 ut,
1329 1131 1506 1215 quantum
1526 1118 1605 1213 ejus
1619 1141 1682 1214 per

350 1276 367 1311 a
380 1248 568 1343 utriusque
588 1220 718 1340 linguae
736 1243 891 1315 rationes
916 1244 1060 1331 liceret,
1079 1265 1156 1312 non
1176 1237 1398 1310 discederem
1416 1263 1436 1309 a
1456 1239 1684 1334 singulorum

350 1400 365 1434 a
379 1368 574 1440 verborum
597 1365 879 1463 significatione,
910 1388 978 1435 nec
997 1362 1044 1434 ab
1065 1360 1195 1434 ordine
1217 1361 1413 1432 verborum
1434 1376 1472 1433 et
1492 1360 1606 1457 figura
1629 1360 1684 1433 di·

350 1520 367 1555 «
381 1490 534 1578 ctionis;
552 1487 616 1559 sed
632 1489 753 1584 ipsum
772 1511 921 1586 quoque
939 1511 1055 1584 genus
1073 1483 1220 1556 dicendi
1237 1508 1396 1582 eumque
1425 1510 1535 1582 quem
1563 1484 1687 1556 chara·

349 1625 480 1681 «ctera
510 1624 641 1680 vocant
659 1610 908 1707 exprimerem.
932 1637 950 1673 n
980 1610 1024 1677 Et
1045 1605 1169 1702 paullo
1200 1618 1286 1701 post
1309 1632 1317 1675 ε
1338 1634 1355 1671 α
1376 1604 1571 1675 Voluimus
1599 1628 1686 1703 ergo

350 1761 367 1798 a
385 1732 720 1828 interpretationem
739 1744 899 1802 nostram
917 1728 1103 1799 Lucianeae
1121 1726 1297 1815 orationi,
1315 1740 1494 1823 quantum
1515 1728 1594 1824 ejus
1605 1751 1682 1798 con
1724 1748 1743 1777 0

350 1885 366 1920 a
387 1854 488 1951 sequi
509 1855 716 1951 potuimus,
735 1877 811 1925 esse
827 1851 1060 1923 simillimam.
1077 1878 1095 1915 u
1109 1852 1198 1936 Quae
1215 1871 1271 1919 res
1292 1848 1326 1919 ei
1345 1851 1518 1921 successit
1528 1852 1684 1947 egregie,

352 2002 470 2075 neque
503 1979 721 2048 minuuntur
752 1975 877 2047 laudes
907 1973 995 2043 lruic
1027 1971 1130 2067 operi
1159 1968 1289 2041 debitae
1321 1970 1487 2042 locorum
1512 1971 1685 2069 aliquam·

351 2099 549 2171 multorum
573 2099 779 2189 notatione,
807 2099 844 2169 in
875 2096 1011 2194 quibus
1027 2115 1138 2191 graeca
1160 2117 1235 2164 non
1265 2108 1362 2169 recte
1389 2108 1574 2169 assecutus
1606 2108 1686 2170 est:

350 2248 435 2294 nam
456 2246 497 2293 ea
516 2237 613 2294 sorte
635 2238 790 2295 utuntur
817 2220 1068 2293 translationes
1082 2218 1222 2311 latinae,
1240 2237 1282 2294 ut
1306 2237 1493 2296 taceantur
1511 2240 1689 2299 sexcenta.

349 2344 581 2417 difficultates
596 2344 746 2416 feliciter
759 2361 957 2443 superatae,
974 2344 1097 2443 lapsus
1119 2370 1216 2417 unus
1234 2359 1270 2416 et
1284 2344 1373 2417 alter
1385 2350 1621 2443 protrahatur
1649 2350 1688 2420 in

349 2467 487 2556 lucem,
507 2466 661 2539 ducatur
680 2469 718 2539 in
741 2467 981 2565 triumphum.
1002 2472 1074 2539 Nos
1089 2468 1174 2539 licet
1192 2468 1300 2562 longe
1313 2468 1418 2565 plura
1439 2475 1589 2542 Gesnerr‘
1613 2495 1691 2543 cor·

349 2592 548 2663 rexerimus
567 2614 676 2688 quam
702 2616 782 2687 quae
803 2604 887 2662 ante
914 2615 982 2662 uos
1008 2604 1132 2661 notata
1166 2589 1325 2679 fuerant,
1348 2592 1526 2687 permulta
1540 2615 1691 2689 prorsus

349 2714 453 2785 aliter
470 2714 703 2801 verterimus,
724 2714 876 2811 propius
898 2710 944 2783 ad
967 2728 1126 2783 mentem
1146 2726 1182 2783 et
1200 2712 1308 2784 verba
1333 2714 1483 2785 Luciani
1500 2718 1691 2788 accessisse

351 2836 563 2932 opinantes,
584 2848 704 2905 tamen
726 2833 939 2908 Gesneriani
966 2835 1107 2932 operis,
1134 2837 1164 2906 si
1189 2835 1401 2907 universum
1424 2852 1588 2933 spectas,
1606 2861 1692 2936 pra·

350 2957 519 3028 stantiam
539 2956 646 3054 plane
674 2956 892 3053 singularem
919 2957 990 3029 laeti
1009 2971 1195 3028 testamur.
1222 2956 1316 3028 lllud
1348 2958 1467 3029 solum
1494 2960 1613 3031 mirati
1640 2983 1693 3030 su·

351 3102 451 3167 mus,
482 3079 520 3147 in
547 3078 643 3150 libro
667 3080 711 3151 de
728 3080 794 3150 dea
816 3084 919 3177 Syria
947 3084 1149 3151 Gesnerum
1178 3080 1429 3152 immemorem
1464 3079 1571 3152 fuisse
1606 3104 1690 3179 pro·

351 3204 544 3273 missorum
568 3201 614 3273 de
632 3202 835 3273 charactere
860 3201 1058 3292 servando;
1085 3227 1169 3274 nam
1197 3203 1402 3276 orationem
1430 3204 1690 3292 Herodoteam,

350 3328 430 3420 quae
458 3324 510 3395 ibi
543 3338 685 3419 regnat,
721 3325 758 3395 in
792 3324 915 3395 latinis
938 3324 1063 3419 ligavit
1084 3338 1121 3397 et
1151 3325 1320 3422 compsit.
1355 3328 1524 3397 Ceterum
1556 3350 1622 3422 per
1652 3349 1692 3397 se

350 3442 581 3537 intelligitur,
608 3445 731 3515 omnia
761 3444 895 3516 nostris
918 3444 1064 3541 graecis,
1084 3468 1166 3540 quae
1192 3445 1386 3543 saepissime
1410 3444 1623 3543 discrepant
1646 3444 1692 3517 ab

352 3564 563 3651 Reitzianis,
586 3588 663 3636 esse
681 3564 964 3637 accommodata.
990 3568 1031 3635 ln
1052 3564 1278 3637 carminibus
1292 3564 1338 3637 de
1360 3566 1523 3664 Podagra
1544 3593 1620 3639 non
1641 3566 1692 3637 vi·

262 3732 271 3745 ·
350 3686 527 3759 debamur
544 3690 831 3785 operaepretium
850 3688 1000 3778 facturi,
1015 3689 1046 3760 si
1067 3713 1192 3761 versus
1211 3704 1309 3762 recte
1327 3690 1533 3763 modulatos
1554 3694 1688 3763 Gesne·

351 3810 459 3895 rianis
486 3809 800 3905 substitueretuus.
825 3811 1090 3906 Epigrammata
1116 3810 1289 3908 pleraque
1319 3810 1365 3882 ab
1397 3817 1543 3911 Hagnae
1565 3813 1690 3885 Groui)

351 3956 450 4003 versa
473 3945 576 4017 sunt,
597 3946 770 4028 quattuor
784 3948 845 4003 aut
861 3933 1027 4028 quinque
1044 3930 1091 4002 ab
1106 3930 1223 4002 nobis.

398 4052 553 4125 Inrd'cem
571 4052 731 4151 denique
761 4055 987 4126 Reitzianum
1007 4054 1133 4125 multis
1165 4055 1257 4125 locis
1284 4055 1525 4145 correximus,
1544 4070 1578 4125 et
1606 4074 1692 4152 qua·

352 4170 552 4266 dringentis
571 4170 643 4241 sere
657 4171 913 4245 additamentis
929 4173 1107 4244 auximus.
1125 4172 1235 4245 Tituli
1251 4173 1433 4245 asteriscis
1451 4174 1565 4245 notati
1579 4173 1692 4245 libros

353 4292 608 4389 supposititios
624 4292 799 4365 indicant.
