3825 5909
122 418 191 495 (ιη,
211 432 262 487 res,
279 412 326 491 mr]
700 408 786 469 Lx1.
812 408 869 467 DE
893 406 1002 467 OEGO.
1028 417 1143 469 6-8.
1670 428 1727 479 nen

121 550 227 629 Ἰλισσῷ
247 540 401 615 καταλιπὼν
421 540 469 613 *θ*
489 540 616 622 βασιλέως
632 539 711 621 uidi
727 540 774 613 Τύί
791 544 901 623 λθυσῆΨ
949 564 1017 615 ⁸⁰⁰¹,
1029 552 1095 603 ίίίοῐο
1107 551 1179 613 Regii
1190 564 1287 602 surram
1298 553 1364 604 dlcas
1380 556 1469 607 :istius
1482 558 1545 607 enim
1556 557 1581 607 in
1596 558 1648 607 solo
1657 560 1733 621 prelio

120 638 219 711 ἐκείνης
228 635 275 714 μέν
284 632 335 714 γάρ
348 636 374 691 ἐν
385 629 583 713 τῇπολυτελείφ
594 630 659 709 μόνῃ
671 630 701 689 τὸ
713 636 812 707 θαῦμα,
824 628 903 709 τέχνη
950 642 1027 691 inerat
1034 640 1176 689 miraculum
1183 657 1191 701 ς
1201 653 1240 691 ars
1249 654 1316 702 vero,
1325 648 1368 693 aut
1377 644 1537 706 pulchritudo,
1547 650 1589 695 aut
1597 646 1722 697 delectatio

121 726 149 787 δέ
163 726 180 798 ἢ
192 725 289 791 κάλλος
300 721 317 795 ἦ
330 720 421 802 τέρψις
433 717 451 789 ἢ
462 719 493 777 τὸ
506 716 685 799 σύμμετρονῆ
700 717 730 776 τὸ
740 716 866 798 εὔρυθμον
875 718 904 774 οὐ
950 731 994 777 aut
1003 732 1195 778 commensurata
1210 729 1345 791 proportio,
1362 744 1410 780 non
1423 746 1472 781 una
1486 733 1607 783 elaborata
1624 739 1667 784 aut
1682 683 1733 797 per}

121 814 292 897 συνείργαστο
300 808 359 870 οὗὸί
368 805 547 885 τοττμίμοττο
557 810 595 887 τῷ
605 810 711 886 χρυσῷ,
723 806 780 864 ἄλλ’
792 797 824 877 ἦν
839 809 903 885 βαρ-
951 817 1026 865 mixta
1036 829 1096 865 auro
1105 819 1169 877 erat,
1182 816 1225 865 sed
1236 816 1386 867 barbaricum
1396 824 1446 868 erat
1457 822 1633 885 spectaculum,
1643 822 1735 872 divitiae

121 902 230 985 ύαρικδν
244 900 274 959 τὸ
289 897 390 975 θέαμα,
402 898 513 960 πλοῦτος
525 891 603 971 μόνον
616 892 663 951 καὶ
676 890 766 973 φθόνος
776 895 827 949 τῶν
841 892 906 949 ίδόν-
952 900 1142 967 salomonicus
1155 903 1289 955 inriderent
1301 909 1450 968 spectantes,
1464 907 1526 958 beati
1539 909 1689 971 possidentes
1697 910 1735 971 jn·

121 1014 174 1051 των
188 989 234 1049 καλ
253 982 452 1063 εὐδαιμονισμὸς
462 985 514 1040 τῶν
530 980 652 1059 ἐχόντων·
670 978 774 1043 ἔπαινος
787 978 814 1036 δὲ
826 977 908 1036 οὐδα-
951 991 1736 1061 diffiresslufflwsstufflneratnusquamliequeenlmpulcpm

123 1086 173 1159 μού
184 1081 294 1161 προσῆν·
304 1071 363 1133 οὐδὲ
374 1072 425 1153 γὰρ
432 1070 510 1147 ἔμελε
520 1070 573 1135 τοῖς
584 1066 749 1150 Ἀρσακίδαις
760 1068 811 1123 τῶν
819 1066 907 1123 καλῶν
952 1078 1068 1127 curabant
1076 1078 1208 1137 arsacide,
1217 1091 1295 1141 neque
1304 1078 1334 1127 ad
1344 1078 1525 1129 delectationem
1535 1081 1659 1129 hominum
1669 1082 1735 1132 vieni

122 1168 183 1227 οὐδὲ
205 1164 269 1247 πρύτ
290 1162 320 1221 τὸ
340 1158 449 1241 τορττνὸν
471 1161 603 1217 ίτοῑοῧντο
629 1154 676 1223 τύτ
697 1150 829 1223 ἕπῑύείξεις
854 1152 907 1211 οὐδ’
953 1178 1072 1229 exponere
1083 1180 1127 1216 sua
1138 1166 1351 1229 solebant,neque
1367 1167 1485 1216 cumbunt
1495 1166 1645 1218 laudaturine
1655 1172 1738 1219 essent

124 1252 270 1336 ἐφρόντιζον
283 1253 306 1309 εί
316 1246 499 1308 ἐπαινέσονται
510 1248 533 1305 οἱ
546 1242 649 1315 θεαταί,
662 1243 720 1302 ἀλλ’
728 1241 797 1308 ὅπως
808 1242 907 1301 έκπλα-
953 1256 1113 1317 spectatores,
1127 1253 1170 1303 sed
1180 1254 1206 1303 id
1217 1254 1308 1313 solum,
1320 1258 1348 1303 ut
1358 1254 1542 1317 percellerentur
1556 1270 1562 1302 :
1579 1268 1658 1318 neque
1673 1255 1737 1305 enim

124 1342 258 1487 γήσοὸιχιαυ
274 1342 303 1400 οὐ
317 1335 454 1420 φιλόκαλοι
467 1333 529 1416 γὰρ,
543 1331 612 1392 ἀλλά
626 1329 794 1414 φιλόπλουτοί
806 1331 870 1388 εἰσιν
884 1331 909 1387 οῖ
954 1341 1141 1405 elegantiarum,
1151 1341 1194 1393 aad
1205 1341 1343 1391 divitiarum
1353 1340 1455 1392 studiosi
1464 1347 1520 1391 ,unp
1529 1342 1631 1391 barbari,

144 1456 161 1489 α
248 1452 267 1489 ι.

126 1436 142 1511 β
164 1454 192 1579 pti.
214 1452 316 1578 ῶῶύτου
333 1511 360 1571 δὲ
375 1515 421 1571 τοῦ
438 1509 510 1568 οἴκου
523 1508 554 1567 τδ
568 1505 663 1573 κάλλος
676 1507 705 1565 οὐ
722 1504 791 1565 κατὰ
806 1500 910 1585 βαρὸα-
985 1515 1009 1559 ο.
1020 1508 1098 1570 llujos
1108 1512 1189 1558 autem
1197 1508 1348 1572 pulchritudo
1357 1508 1401 1557 mci
1411 1521 1459 1557 non
1468 1508 1500 1557 ad
1509 1508 1645 1558 barbaricos
1654 1510 1739 1559 oculos

125 1602 211 1685 ρικούς
222 1626 294 1669 τινας
303 1595 452 1683 ὀφθαλμούς
463 1595 522 1657 οὐδὲ
535 1594 604 1655 κατὰ
612 1592 747 1676 Περσικὴν
758 1588 910 1660 ἀλαζονείαν
955 1598 1039 1646 exacta
1047 1599 1098 1657 est,
1108 1609 1186 1659 neque
1197 1595 1228 1645 ad
1239 1596 1361 1645 Persicam
1372 1596 1509 1658 superbiam
1516 1632 1524 1657 ,
1532 1601 1574 1645 aut
1583 1597 1738 1658 jactationem

124 1691 141 1764 ἢ
155 1690 295 1773 βασιλικὴν
320 1684 501 1767 μεγαλαυχίαν
523 1683 580 1744 οὐδὲ
601 1682 710 1755 πένητος
731 1679 819 1759 μόνον,
843 1676 911 1737 ἀλλὰ
955 1684 1058 1745 κρίσιος
1069 1697 1149 1746 neque
1160 1697 1288 1747 pauperem
1301 1684 1394 1744 solum,
1406 1683 1449 1733 sed
1460 1683 1608 1745 ingeniosum
1620 1688 1737 1747 spectato-

126 1784 234 1863 εὐφυοῦς
245 1782 337 1838 θεατοῦ
352 1772 474 1852 δεόμενον
489 1772 534 1831 καὶ
551 1771 602 1853 ὅτῳ
617 1771 654 1848 μὴ
669 1773 696 1829 έν
710 1768 813 1851 τῇόψει
827 1770 844 1837 ἡ
858 1763 912 1847 κρί-
955 1785 1007 1821 rem
1022 1772 1144 1836 postulat,
1156 1772 1196 1821 cui
1210 1785 1259 1821 non
1270 1772 1294 1821 in
1305 1772 1365 1821 solis
1377 1772 1455 1820 oculis
1466 1772 1498 1820 sit
1506 1770 1636 1833 judicium,
1648 1770 1692 1821 sed
1703 1784 1738 1821 ra·

127 1894 182 1943 σις,
197 1866 266 1927 ἀλλά
279 1890 318 1931 τις
329 1862 375 1923 καλ
391 1858 516 1938 λογισμὸς
531 1858 701 1919 ἐπακολουθεῖ
713 1861 766 1924 τοῖς
781 1851 912 1935 βλεπομέ-
956 1859 1081 1910 tiocinatio
1097 1861 1170 1910 etiam
1184 1860 1264 1922 aliqua
1282 1862 1441 1922 consequatur
1461 1859 1548 1908 risum.
1586 1858 1657 1916 Quod
1675 1860 1740 1908 enim

127 1981 186 2025 νοις.
227 1956 268 2018 Ti
281 1950 333 2035 γάρ
346 1957 393 2023 τῆς
404 1972 433 2008 τε
448 1947 550 2030 ἡμέρας
563 1947 627 2028 πρός
640 1946 670 2006 τδ
686 1944 826 2004 κάλλιστον
845 1943 912 2000 ἀπο-
957 1947 1005 1997 diei
1019 1953 1112 2011 purtem
1123 1949 1308 2011 pulcherrimum
1324 1948 1569 2012 speetatlestautem
1582 1947 1742 2010 pulcherrima

128 2045 233 2105 ἀλέπειν
257 2076 296 2089 -
314 2038 455 2100 κάλλιστον
476 2036 503 2095 δὲ
524 2038 605 2108 αὐτῆς
628 2033 673 2093 καί
692 2028 875 2091 ποθεινότατον
895 2032 912 2099 ἡ
957 2040 983 2086 et
997 2036 1168 2086 amabilissima
1178 2049 1234 2098 pars
1244 2036 1298 2098 eius
1309 2036 1478 2099 principium),
1490 2038 1515 2085 et
1525 2034 1649 2085 tollentem
1659 2035 1741 2085 statim

128 2132 197 2215 ἀρχή
210 2128 304 2190 -καλ
316 2128 359 2187 τὸν
372 2126 447 2197 ἥλιον
458 2122 646 2204 ὑπερκύψαντα
656 2119 730 2188 εὐθὺς
738 2115 914 2197 ὑποδέχεσθαι
958 2125 1031 2187 caput
1040 2123 1115 2174 solem
1124 2124 1225 2185 exeipit,
1235 2122 1300 2188 quod
1314 2122 1391 2173 valvis
1402 2123 1493 2185 apertis
1501 2122 1555 2172 lnce
1560 2122 1597 2171 ed
1607 2122 1742 2172 satietatem

129 2224 234 2285 καὶτοῦ
252 2218 335 2301 φωτὸς
353 2214 535 2292 ἐμπίπλασθαι
555 2212 580 2278 ἐς
599 2208 674 2291 κόρον
690 2204 924 2282 ἀναπεπταμένων
958 2211 1076 2274 repletur,
1092 2226 1140 2275 quo
1151 2211 1231 2275 positu
1241 2211 1330 2275 templa
1343 2211 1415 2260 etiam
1431 2210 1548 2260 iaciebant
1559 2210 1664 2273 antiqui;
1676 2209 1741 2272 quod

129 2317 182 2374 τῶν
202 2313 295 2391 θυρῶν,
310 2303 368 2364 καθ’
388 2302 402 2362 θ
421 2300 469 2361 καλ
487 2298 522 2359 τά
542 2297 601 2381 ίερδ
621 2295 752 2377 βλέποντα
766 2293 869 2354 ἐποίουν
890 2296 914 2352 ol
961 2299 1084 2361 longitudo
1097 2297 1577 2349 latitudioietamlrelrusaliitudodecora
1590 2298 1743 2361 proportione

128 2396 252 2469 παλαιοί,
264 2392 309 2454 καί
318 2392 348 2451 τδ
361 2395 408 2450 τοῦ
423 2387 523 2466 μήκους
534 2385 599 2468 πρδς
612 2385 642 2445 τὸ
652 2383 751 2450 πλάτος
760 2380 805 2441 καί
818 2383 915 2462 ἀμφοῖν
960 2386 1100 2450 respondet;
1110 2386 1174 2450 quod
1188 2386 1298 2437 tenestrae
1310 2389 1367 2435 sunt
1380 2386 1461 2435 liberae
1474 2389 1499 2435 et
1509 2385 1540 2435 ad
1550 2398 1743 2448 unamquamque

128 2488 195 2570 πρὸς
206 2485 236 2545 el
250 2482 312 2564 ύψος
332 2478 459 2561 εὔρυθμον
475 2474 521 2535 καί
537 2478 589 2533 τῶν
608 2474 776 2556 φωταγωγῶν
792 2468 822 2529 τὸ
840 2467 915 2528 ίλεύ-
960 2478 1052 2538 partem
1065 2474 1121 2524 anni
1137 2480 1201 2525 reete
1218 2474 1358 2539 dispositae:
1370 2475 1413 2537 qut
1427 2472 1590 2537 nonjuaonda
1602 2473 1744 2524 liaeoomnia

130 2581 203 2657 θερον
223 2572 269 2632 καὶ
283 2568 346 2651 πρδς
359 2566 431 2647 ῶραν
445 2562 562 2633 ἑκάστην
583 2552 611 2620 εὐ
632 2560 692 2642 ἔχον
712 2562 769 2625 πῶς
785 2560 836 2637 οὐχ
849 2554 915 2627 ἡδέα
960 2559 1202 2623 crumenarum
1626 2556 1632 2565 ·

129 2671 214 2725 ταῦτα
228 2660 316 2721 πάντα
327 2656 373 2717 καί
387 2652 499 2713 ἐπαίνων
514 2650 589 2724 ἄξια,

172 2764 199 2813 7.
220 2747 284 2809 Ἔτι
300 2740 499 2821 δοκιμάσειεν
515 2738 546 2799 ἄν
560 2762 599 2805 'cit
612 2736 657 2796 κοί
670 2739 717 2806 τῆς
731 2736 826 2813 ὀροφῆς
840 2733 866 2791 ἕν
878 2734 916 2811 τῷ
992 2748 1016 2794 7.
1033 2745 1135 2807 insuper
1146 2742 1277 2792 admiretur
1288 2740 1388 2805 aliquis,
1403 2742 1468 2806 quod
1484 2742 1509 2791 in
1521 2742 1626 2792 formoso
1636 2742 1744 2792 lacunari

131 2839 254 2921 εὐμόρφῳ
270 2834 300 2895 τὸ
311 2831 447 2913 ἀπέριττον
456 2828 502 2888 καί
515 2831 554 2907 τῷ
566 2824 687 2904 εὐκόσμῳ
698 2821 728 2881 τδ
740 2818 916 2890 ἀνεπίληπτον
961 2831 1020 2881 nihil
1036 2831 1197 2893 supertlonm,
1208 2830 1233 2879 ia
1247 2832 1331 2878 ornato
1347 2828 1408 2878 nihil
1418 2828 1484 2890 quod
1496 2827 1637 2891 reprehendi
1652 2827 1742 2890 possit,

131 2929 177 2989 καὶ
190 2925 220 2985 τὸ
233 2929 278 2984 τοῖι
289 2926 387 3003 χρυσοῦ
403 2922 427 2985 ἔς
438 2916 468 2976 τί)
480 2910 606 2995 &uptote
620 2910 780 2990 σύμμετρον,
796 2904 864 2967 ἀλλὰ
879 2906 916 2984 μὴ
962 2920 1002 2969 illa
1012 2920 1065 2969 auri
1076 2918 1162 2967 decora
1178 2922 1203 2967 et
1218 2920 1409 2967 commensurata
1424 2915 1562 2975 distinctio,
1579 2915 1638 2963 nihil
1655 2914 1746 2963 habene

132 3013 193 3096 περὶ
206 3010 252 3079 τὰς
265 3008 355 3090 χροίας
367 3004 513 3086 ἐπίφθονον,
528 3001 587 3061 ἀλλ’
601 2999 695 3059 δπόοον
710 2996 741 3056 ἂν
755 2995 801 3056 καί
814 2994 918 3075 γονοοτί
962 3008 987 3056 ἰο
1001 3020 1046 3055 usu
1059 3005 1220 3067 invidiosum
1234 3004 1277 3055 sed
1292 3009 1410 3067 quantum
1426 3003 1499 3053 etiam
1511 3003 1535 3051 in
1547 3002 1647 3051 muliere
1658 3002 1746 3065 pudiea

134 3102 247 3183 σώφρονι
263 3096 308 3157 καὶ
321 3096 389 3173 καλῇ
403 3090 500 3171 ἀρκέσῃ
513 3086 703 3167 ἐπισημότερον
714 3082 875 3165 ἐργάσασθαι
885 3080 918 3141 σύ
962 3098 988 3144 et
996 3093 1095 3157 pulchra
1103 3094 1134 3142 ed
1146 3093 1247 3142 tormsm
1259 3092 1411 3153 insigniorem
1421 3089 1565 3141 reddendam
1576 3088 1693 3149 sufficiat,
1702 3090 1746 3139 aui

134 3191 230 3255 κάλλος
249 3183 343 3265 ἣπερλ
362 3186 395 3262 τῇ
414 3182 486 3259 δειρῇ
504 3173 600 3243 λεπτός
616 3198 655 3241 τις
675 3171 753 3254 ὅρμος
771 3168 788 3241 ἢ
807 3169 868 3251 περί
880 3173 918 3249 τῷ
963 3186 1036 3231 tenue
1049 3181 1113 3231 οίιοο
1130 3181 1219 3229 collum
1234 3179 1336 3239 monile,
1353 3183 1394 3228 aut
1410 3178 1435 3227 in
1451 3177 1527 3239 digito
1544 3177 1631 3225 anulus
1647 3176 1745 3236 lrabilis,

135 3276 256 3356 δακτύλῳ
273 3269 398 3355 σφενδόνη
413 3266 532 3349 εὔφορος,
546 3262 563 3335 ἢ
578 3264 604 3321 ἓν
621 3266 675 3320 τοῗν
689 3260 766 3319 ὤτοιν
780 3256 886 3317 ἕλλόύια
901 3255 918 3327 ἢ
963 3272 1007 3319 aut
1017 3270 1112 3318 inaures
1123 3267 1270 3329 inauribus,
1283 3269 1326 3315 aut
1340 3265 1414 3315 tibula
1430 3264 1557 3327 quaedam,
1574 3267 1616 3312 aut
1632 3263 1745 3311 cohibens

134 3367 224 3447 πόρπη
240 3387 278 3430 τις
291 3360 310 3433 ἢ
325 3357 413 3418 ταινία
429 3354 460 3415 τὸ
478 3354 571 3434 ἄφετον
590 3355 637 3421 τῆς
656 3348 740 3427 κόμης
760 3344 918 3417 συνδέουσα,
963 3369 1057 3406 consano
1066 3356 1223 3405 damnantem
1232 3355 1383 3416 tenimenta
1393 3358 1487 3402 mnium
1496 3351 1569 3400 addat
1578 3344 1662 3399 turmae
1671 3363 1745 3413 quan·

133 3461 257 3516 τοσοῦτον
274 3454 307 3529 τῇ
326 3442 455 3526 εὐμορφίᾳ
473 3444 642 3523 προστιθεῖσα
663 3436 722 3495 ὅσον
741 3438 773 3513 τῇ
795 3436 885 3505 ἐσθῆτι
902 3438 919 3505 ἡ
965 3450 1016 3494 tum
1032 3443 1095 3493 resti
1106 3456 1213 3506 purpura
1230 3458 1236 3490 :
1253 3446 1279 3491 οι
1294 3441 1444 3500 meretrices,
1461 3438 1594 3502 praesertim
1610 3438 1630 3486 si
1649 3440 1746 3499 quaest

134 3540 265 3623 πορφύρα·
281 3541 308 3596 αἱ
323 3534 350 3594 δέ
361 3558 392 3611 γε
405 3536 521 3610 ἑταῖραι,
539 3526 585 3587 καί
601 3525 716 3604 μάλιστα
731 3526 758 3581 αἱ
774 3519 919 3601 ἀμορφότε·
964 3531 1102 3592 deformior,
1113 3536 1138 3580 et
1148 3535 1242 3580 vestem
1254 3534 1329 3578 totam
1342 3540 1486 3593 purpuream
1493 3562 1501 3587 ,
1515 3530 1540 3575 et
1552 3525 1641 3574 collum
1653 3524 1698 3573 sibi
1711 3525 1746 3572 ia·

138 3654 181 3711 ραι
195 3630 288 3697 αὐτῶν,
302 3623 348 3684 καί
361 3620 409 3693 τὴν
420 3623 517 3691 ἐσθῆτα
528 3617 591 3688 iter
602 3621 736 3695 πορφυρᾶν
750 3610 796 3670 καί
810 3609 857 3680 τὴν
868 3610 920 3668 δει-
965 3622 1030 3669 cium
1038 3632 1152 3679 aureum,
1163 3618 1217 3682 ipso
1227 3618 1305 3681 pretio
1315 3621 1430 3665 venantes
1439 3613 1576 3672 illecebras,
1587 3616 1612 3662 et
1620 3612 1686 3674 quod
1695 3610 1746 3675 pal·

138 3718 186 3800 ρὴν
205 3718 305 3797 χρυσῆν
329 3708 486 3781 πεποίηνται
506 3708 544 3787 τῷ
564 3702 702 3761 πολυτελεῖ
722 3699 872 3778 θηρώμεναι
891 3694 921 3753 τὸ
965 3707 1094 3757 chritudini
1102 3707 1180 3767 deest,
1189 3709 1256 3755 extra
1265 3702 1412 3768 apponendis
1421 3715 1476 3765 quse
1487 3701 1591 3763 aliquam
1603 3700 1746 3748 suauitatem

136 3803 274 3883 ἐπαγωγὸν
288 3800 334 3860 καὶ
347 3800 377 3858 τδ
390 3796 475 3856 ἐνδέον
487 3798 526 3874 τῷ
537 3793 611 3871 καλῷ
625 3785 763 3868 προσθέσει
772 3790 817 3843 τοῦ
829 3782 920 3851 ἔξωθεν
967 3794 1195 3845 lrabeantsolsntes.
1227 3785 1748 3843 Palantenirnetlrrachiumsibimndidius

136 3898 248 3976 τερπνοῦ
261 3884 505 3971 παραμυθούμεναι·
516 3885 639 3959 ἡγοῦνται
650 3874 701 3957 γδιρ
710 3873 756 3933 καὶ
767 3870 815 3944 τὴν
823 3872 920 3942 ὠλένην
966 3884 1046 3933 visum
1057 3883 1099 3944 iri,
1109 3895 1194 3931 summ
1206 3882 1227 3930 si
1239 3894 1286 3930 una
1297 3880 1425 3940 refulgere
1437 3882 1461 3928 et
1475 3891 1518 3941 pes
1530 3876 1597 3940 quod
1612 3876 1692 3925 minus
1703 3875 1747 3924 cir·

137 3986 228 4049 αὐτοῖς
248 3976 434 4055 οτῑλττνοτίρον
459 3972 595 4054 οονῑῗοθοῑ
613 3960 870 4039 οντατολοίμτονοον
884 3962 922 4040 τῷ
966 3971 1290 4035 crrmscripleiormosusest,
1297 3967 1356 4018 illud
1367 3967 1513 4017 occultatum
1521 3964 1550 4014 iri
1558 3966 1604 4013 srrlr
1611 3977 1684 4014 aureo
1694 3976 1747 4015 ssu·

137 4074 228 4153 χρυσῷ
249 4066 353 4127 καὶτοῦ
369 4062 446 4128 ποδὸς
459 4059 489 4118 τό
505 4056 541 4136 μὴ
558 4052 746 4134 εὐπερίγραφον
765 4046 854 4123 idern
872 4047 922 4106 ὑπὸ
966 4062 1043 4124 dnli05
1054 4061 1130 4124 ipsam
1143 4058 1247 4121 denique
1256 4057 1339 4106 taciem
1352 4056 1431 4105 risum
1442 4054 1471 4103 iri
1482 4053 1659 4111 amabiliorem,
1669 4051 1690 4100 si
1699 4063 1748 4100 una

138 4162 229 4240 χρυσῷ
243 4153 366 4232 σανδάλῳ
380 4150 426 4210 καὶ
442 4148 472 4207 τὸ
489 4144 632 4228 πρόσωπον
651 4138 714 4198 αὐτὸ
729 4134 921 4219 ἐρασμιώτερον
966 4163 1021 4200 cum
1030 4163 1073 4209 ρο,
1084 4146 1151 4210 quod
1162 4145 1381 4209 splendidissimum
1392 4142 1591 4205 051‚aspipparup,
1605 4144 1682 4201 Atque
1692 4137 1748 4187 ῄςςω

140 4245 293 4327 γενησεσθαι
306 4244 343 4321 τῷ
358 4234 518 4318 φαεινοτάτῳ
531 4227 720 4313 συνορώμενον.
746 4226 923 4285 Ἀλλ’ἐκεῒναι
966 4238 1063 4301 quidem
1079 4237 1127 4285 hoo
1141 4233 1213 4284 modo
1230 4248 1238 4282 ι
1255 4246 1339 4283 verum
1357 4231 1467 4280 modesta
1483 4229 1571 4278 domus
1585 4241 1657 4288 auro,
1673 4238 1746 4288 quan·

141 4330 189 4413 μὲν
209 4329 297 4395 οὕτως·
314 4324 374 4398 ἡδί
390 4348 420 4403 γε
437 4321 545 4401 ούνφροον
562 4320 631 4379 οἷτίο
650 4316 741 4397 χρυσῷ
756 4311 802 4389 plo
823 4310 856 4371 τό
876 4314 923 4392 ἆρ-
966 4331 1018 4375 tum
1031 4326 1090 4374 satis
1103 4327 1155 4383 est,
1167 4321 1233 4372 etad
1244 4320 1377 4370 necessaria
1394 4324 1487 4368 tantum
1500 4317 1588 4375 utitur;
1605 4326 1674 4362 suam
1689 4326 1747 4362 vero

140 4426 235 4481 κούντα
252 4414 298 4476 καὶ
315 4412 391 4492 μόνον
406 4410 439 4469 τά
456 4410 585 4485 ἀναγκαῖα
599 4408 781 4485 προσχρῆται,
794 4398 824 4458 τδ
835 4400 857 4457 δ’
872 4404 922 4458 αύ-
967 4411 1169 4477 pulcluirudinem
1181 4424 1230 4460 non
1241 4409 1380 4470 erubescat,
1389 4408 1462 4471 puto,
1476 4406 1547 4455 emm
1561 4402 1652 4452 nudam
1667 4406 1747 4452 osten.

140 4506 292 4580 τῆςκάλλος
306 4505 353 4561 οὐκ
368 4500 399 4558 ἀν
416 4494 579 4577 αἰσχύνοιτο,
593 4485 681 4571 οἶμαι,
699 4488 745 4551 καί
762 4487 857 4567 γυμνὸν
870 4488 921 4545 δει-
966 4508 1030 4557 pm

140 4617 288 4745 “iffi
303 4677 388 4737 τοίνυν
404 4678 421 4746 ἡ
435 4674 568 4732 retieret
586 4669 657 4729 οἴκου
672 4664 767 4747 ὀροφὴ,
780 4663 879 4740 μᾶλλον
895 4660 923 4721 δέ
998 4668 1021 4715 8.
1038 4662 1112 4725 Igitur
1122 4660 1220 4711 laeuam
1230 4656 1370 4719 oecihujus,
1379 4654 1417 4703 vel
1428 4651 1603 4716 capomatius,
1615 4649 1747 4699 formosam

141 4770 242 4857 κεφαλὴ
256 4766 423 4849 εὐπρόσωπος
437 4761 485 4841 μὲν
497 4758 542 4818 καί
553 4759 611 4818 καθ’
623 4754 729 4827 ἑαυτὴν,
743 4754 781 4833 τῷ
791 4754 879 4833 χρυσοῖ
896 4750 923 4809 δὲ
966 4751 1065 4817 quidem
1074 4759 1265 4813 persequoque,
1275 4758 1333 4793 auro
1343 4744 1442 4792 eatenus
1451 4745 1561 4789 ornatum
1572 4738 1746 4801 est,quatenus

141 4866 167 4929 ἀς
183 4865 306 4921 τοσοῦτον
322 4851 502 4929 κεκόσμηται,
518 4850 542 4913 ές
554 4846 613 4904 ὅσον
631 4843 676 4904 καὶ
690 4838 798 4919 οὐρανός
811 4840 838 4897 ἐν
850 4838 924 4898 νυκτί
967 4842 1039 4891 etiam
1051 4839 1138 4889 οωίοοι
1150 4838 1222 4885 nocto
1234 4847 1248 4882 a
1260 4832 1335 4883 stellis
1347 4844 1389 4894 per
1400 4828 1523 4880 intervalla
1534 4826 1713 4888 collustratum,
1722 4830 1746 4875 ei

142 4948 192 5007 ὐπδ
207 4951 259 5005 τῶν
275 4940 391 5022 ἀστέρων
406 4934 624 5012 ὲκδιαοτιίματος
637 4925 866 5013 περιλαμπόμενος
879 4926 923 4986 καί
967 4929 1063 4992 ignibus
1073 4940 1117 4990 per
1127 4917 1537 4983 interstitiaquredamsseremotis
1546 4915 1622 4963 tloret.
1655 4912 1747 4963 sivero

143 5038 172 5094 ἔκ
184 5032 370 5111 διαλείμματος
386 5028 469 5085 ἀνθῶν
482 5026 520 5102 τῷ
533 5018 605 5100 πυρί.
648 5022 683 5081 Εἰ
695 5016 723 5075 δέ
738 5038 768 5095 γε
781 5019 834 5092 π’ὐρ
848 5006 880 5085 ἦν
893 5013 923 5073 τδ
966 5020 1045 5066 totum
1056 5018 1118 5064 esset
1129 5012 1262 5075 ignis,non
1277 5007 1403 5072 pulchrum
1414 5002 1551 5063 nobis,sed
1568 5002 1671 5052 terribile
1680 5000 1746 5051 ride·

143 5130 205 5195 πᾶν,
216 5124 245 5181 οὐ
256 5118 336 5184 καλδς
350 5116 391 5188 ἂν,
407 5109 477 5171 ἀλλά
489 5108 597 5191 priapi<
611 5110 675 5185 ἡμῖν
690 5103 782 5173 ἔδοξεν.
823 5099 888 5164 Ἴδοι
900 5102 922 5160 δ’
966 5110 1041 5155 retur.
1074 5102 1160 5151 videat
1177 5103 1259 5149 autem
1276 5096 1316 5145 llio
1331 5092 1509 5157 aliquisneqae
1525 5090 1630 5141 otiosum
1645 5101 1745 5149 aarum,

144 5208 176 5269 άν
189 5232 227 5275 τις
245 5205 297 5265 οὐδ’
311 5202 389 5285 ἀργδν
404 5202 515 5260 ἐνταῦθα
532 5195 577 5255 τδν
594 5192 691 5275 χρυσὸν
706 5191 765 5251 οὐδὲ
781 5190 860 5269 μόνου
877 5192 923 5248 τοῦ
967 5202 1045 5257 neque
1055 5190 1131 5242 solius
1141 5184 1306 5239 delectationis
1319 5181 1493 5244 caumretiqoo
1505 5177 1600 5229 ornatui
1610 5188 1747 5243 aspersum
