3825 5909
168 416 223 467 sos
651 404 797 469 xxlllv.
823 405 1097 471 ΛΕΞΙΦΑΝΗΣ.
1125 418 1277 473 οι-οε.
1574 414 1763 496 (limo—oo)

165 534 220 597 θὼν
234 532 321 609 αάτδν,
336 522 480 608 ῶΛυκῖνε,
493 530 669 611 μεταπαίδευε
682 532 727 593 καί
741 532 848 595 δίδασκε
860 532 878 592 ἀ
891 532 944 617 χρή
986 551 1134 609 mmmmm,
1143 547 1246 611 troius,
1255 547 1324 599 diler
1332 547 1432 598 lostltm
1443 548 1765 614 etdomqnaesinidinendn.

166 622 259 702 λέγειν.

206 724 253 775 22.
273 710 360 773 llll.
382 706 462 770 Ούτω
472 700 625 785 ποιήσομεν,
636 696 659 767 ῶ
670 706 792 783 Σώπολι,
803 707 944 791 ἐπειδήπερ
1018 725 1057 770 22.
1073 721 1143 771 LYc.
1159 722 1199 772 Sin
1215 720 1345 784 isdemne,
1356 722 1451 787 sopoli,
1463 725 1658 789 quondoquidem
1669 728 1709 777 rin
1724 743 1766 778 no·

169 803 229 881 ήμῖν
242 798 452 884 προωδοποίηται
464 794 497 854 τδι
509 794 582 877 παρδι
596 800 655 855 σοῦ·
669 795 715 855 καί
729 796 793 878 πρδς
806 796 835 859 σθ
845 796 876 857 τὸ
888 799 944 857 λοι·
987 806 1025 857 bis
1035 821 1051 858 ε
1061 812 1086 859 ts
1096 809 1188 859 munito
1198 814 1256 860 est:
1275 802 1390 875 siquosd
1403 814 1428 861 te
1442 810 1474 863 do
1489 818 1585 875 cetero,
1600 815 1765 878 nortmanos,

166 881 453 971 πδν,ῶλεξίφανες,ή
470 882 616 962 συμθουλή.
658 883 743 966 Είπερ
755 885 795 965 ἀρ’
808 886 901 954 ἐθέλεις
910 889 945 954 ὡς
987 895 1091 959 pertinet
1101 897 1241 949 admonitio.
1273 878 1299 949 Si
1311 900 1416 951 volueris
1434 912 1490 952 νοτε
1499 902 1592 951 laudari
1603 903 1765 964 adoratione,

169 984 270 1053 ἀληθῶς
283 980 443 1037 ἐπαινεῖσθαι
458 972 501 1033 ἐπὶ
515 971 600 1050 λόγοις
611 973 659 1031 κάν
671 974 723 1040 τοῖς
732 974 857 1045 πλήθεσιν
872 975 945 1032 εὐδο-
986 988 1012 1033 et
1020 984 1045 1033 in
1053 983 1207 1036 mullitudine
1213 984 1341 1049 relebrsrl,
1352 988 1409 1037 talin
1418 989 1515 1052 quidem
1522 990 1602 1039 omnio
1609 990 1766 1053 fugentense·

171 1078 253 1147 ιιμεῐν
270 1064 304 1126 τά
323 1064 369 1139 μὲν
390 1066 497 1121 τοιαῦτα
516 1060 603 1119 πάντα
623 1066 701 1141 φεῦγε
714 1061 760 1121 καὶ
780 1059 943 1141 ἀποτρέπου,
987 1082 1041 1119 sare
1053 1082 1060 1118 ι
1071 1070 1224 1123 lactosutem
1233 1073 1302 1123 inlllo
1314 1086 1329 1123 ιι
1343 1079 1468 1137 poetarum
1482 1077 1592 1141 optimis,
1603 1091 1679 1142 quum
1692 1079 1765 1142 magi·

170 1156 309 1241 ἐρξάμενος
323 1152 351 1211 δὲ
368 1149 420 1211 ἀπδ
433 1154 484 1207 τῶν
499 1149 610 1231 ἀρίστοιν
622 1152 737 1221 ποιητῶν
748 1148 793 1209 καί
805 1150 855 1208 ύπδ
869 1150 944 1208 διδα-
987 1160 1172 1222 strorumopera
1181 1162 1377 1223 ensnognoverts,
1387 1162 1417 1213 nd
1426 1169 1533 1214 oratores
1543 1166 1766 1230 immissorumque

168 1248 273 1311 σκάλοις
284 1240 376 1308 αὐτοὺς
386 1235 509 1317 ἀναγνοὺς
521 1236 604 1315 μέτιθι
615 1237 659 1297 ἐπὶ
670 1236 727 1305 τοὺς
738 1238 848 1319 ῥήτορας
857 1237 943 1317 καίτῇ
986 1244 1074 1309 linguae
1085 1247 1230 1311 innutritus,
1242 1248 1273 1298 nd
1291 1250 1439 1312 Thucydidis
1454 1256 1479 1302 et
1498 1252 1603 1301 Platonis
1613 1253 1688 1303 libros
1706 1259 1765 1303 tem·

168 1334 271 1396 ἐκείνων
285 1334 356 1413 φωνῇ
369 1325 520 1408 συντραφείς
534 1324 578 1383 ἐπὶ
588 1323 622 1385 τθι
635 1325 796 1387 Θουκυδίδου
807 1326 852 1386 καί
866 1324 942 1387 Πλά-
988 1335 1082 1397 postire
1093 1336 1183 1399 trsmi,
1195 1338 1299 1388 multum
1315 1338 1340 1387 in
1351 1338 1452 1401 pulchre
1463 1338 1536 1389 etism
1552 1340 1669 1389 oomoedin
1683 1348 1708 1391 el
1719 1346 1766 1391 tm·

168 1446 246 1489 τωνος
257 1424 283 1481 έν
295 1421 378 1500 καιρῷ
389 1412 566 1493 μέτιθιπολλά
578 1413 665 1493 καὶτῇ
679 1416 747 1495 καλῇ
759 1415 886 1495 κωμῳδίᾳ
897 1412 942 1473 καὶ
985 1420 1064 1481 geon
1074 1422 1304 1483 gmvieremltalns.
1336 1424 1766 1493 Abhisenimsipuleloerrlrnaqnae·

166 1517 199 1584 τῇ
208 1512 290 1589 σεμνῇ
297 1505 430 1588 τραγῳδίᾳ
442 1501 776 1584 ἐγγεγυμνασμένος·παρά
786 1502 837 1583 γάρ
845 1500 942 1561 τούτων
987 1521 1035 1573 quo
1047 1509 1133 1560 domm
1149 1510 1225 1560 instar
1239 1511 1401 1575 decerpseris,
1413 1514 1460 1563 eris
1476 1514 1566 1577 aliquid
1583 1518 1608 1565 in
1624 1516 1767 1580 eloquentie

168 1578 273 1660 ἅπαντα
286 1594 319 1654 τά
334 1593 462 1653 κάλλιστα
477 1589 684 1667 ἀπανθισάμενος
695 1588 742 1668 ἔσῃ
755 1614 793 1659 τις
806 1592 833 1649 ἐν
844 1588 942 1669 λόγοις·
986 1596 1080 1657 studio,
1092 1596 1207 1660 quinum
1217 1598 1356 1662 imprudens
1367 1600 1453 1650 similis
1463 1600 1531 1651 luisti
1545 1602 1583 1653 his
1594 1616 1650 1665 qun
1662 1603 1766 1665 eligniis

166 1693 202 1757 ὡς
214 1692 258 1745 νῦν
273 1707 303 1763 γε
317 1678 446 1751 ἐλελήθεις
463 1676 558 1738 σαυτδν
572 1682 625 1746 τοῖς
638 1676 690 1739 nrt
707 1683 760 1738 τῶν
775 1679 943 1761 κοροπλάθων
985 1683 1016 1733 sd
1026 1684 1765 1755 vendendnmfingnntnr,mbriosquidemsocaeruleopiolns·

167 1780 202 1844 εἰς
216 1773 264 1847 τήν
277 1768 373 1851 ἀγοράν
386 1765 572 1844 πλαττομένοις
586 1764 688 1842 ἐοικὼς,
702 1768 882 1849 κεχρωσμένος
894 1765 942 1845 μὲν
985 1785 1061 1835 quum
1070 1772 1222 1825 intrslulous
1232 1774 1301 1825 sisoi
1311 1774 1409 1839 fragilis

166 1870 199 1946 τῇ
211 1862 295 1943 μίλτῳ
307 1858 353 1919 καί
369 1860 407 1938 τῷ
424 1858 525 1937 κυανῷ,
539 1854 570 1913 τὸ
587 1853 609 1913 δ
624 1852 724 1915 ἔνδοθεν
738 1854 845 1929 πήλινός
854 1880 884 1917 τι
896 1853 943 1916 καί

166 1954 305 2035 εὔθρυπτος
316 1944 362 2006 ῶν.

207 2052 254 2103 23.
276 2034 341 2097 Ἐἀν
353 2037 436 2092 ταῦτα
449 2032 525 2111 ποιῇς
535 2028 599 2113 πρὸς
609 2030 694 2108 ὀλίγον
703 2028 748 2091 τὸν
759 2030 804 2091 ἐπί
816 2034 849 2111 τῇ
859 2030 942 2091 ἀπαι-
1016 2044 1055 2092 2³.
1072 2041 1157 2092 lienosi
1167 2040 1265 2106 lenuis,
1274 2046 1300 2093 ei
1305 2042 1409 2106 pauxillo
1418 2046 1525 2107 tempore
1532 2044 1632 2095 inscitias
1641 2048 1766 2109 reprehen-

167 2126 257 2207 δευσίφ
266 2124 372 2203 έλεγχον
383 2118 523 2197 ὑπομείνας
532 2117 577 2179 καί
590 2116 627 2197 μή
638 2118 763 2187 αἰδεσθείς
773 2118 942 2199 μεταμανθά-
984 2127 1075 2179 sionem
1084 2130 1239 2191 sustinueris,
1248 2143 1326 2194 nsque
1336 2130 1428 2181 disoere
1438 2130 1469 2181 do
1478 2144 1541 2181 novo
1551 2135 1577 2182 te
1588 2132 1678 2196 pudent
1690 2150 1696 2182 :
1708 2148 1764 2183 oum

167 2239 227 2288 νων,
239 2216 340 2293 θαρρῶν
356 2206 489 2286 ὁμιλήσεις
501 2210 555 2273 τοῖς
566 2206 676 2278 πλήθεσι
690 2206 735 2265 καί
748 2208 778 2267 ού
792 2209 942 2287 καταγελα-
985 2216 1072 2267 (iducis
1079 2217 1259 2268 multitudinem
1266 2218 1408 2281 alloqueris,
1416 2231 1495 2283 nequo
1505 2220 1678 2271 deridebenut
1686 2236 1763 2284 nune,

168 2304 253 2382 σθήση
265 2300 353 2379 ῶσπερ
363 2302 407 2354 νῦν
422 2292 479 2354 οὐδὲ
489 2291 532 2353 nd
543 2292 671 2371 στόματος
680 2292 723 2353 ἐπὶ
735 2298 772 2375 τῷ
781 2295 879 2377 χείρονι
890 2300 943 2365 τοῖς
985 2305 1096 2368 usquein
1106 2304 1247 2357 deteriorem
1258 2310 1350 2370 purtem
1359 2305 1385 2355 in
1393 2320 1434 2357 ore
1443 2306 1490 2357 eris
1500 2308 1765 2370 praestantissimorum,

168 2392 282 2473 ἀρίστοις
298 2386 360 2467 ἔσῃ,
371 2382 492 2457 Ἕλληνα
512 2384 557 2441 καὶ
570 2382 684 2442 Ἀττικὸν
699 2383 899 2443 ἀποκαλούντων
913 2408 943 2445 σε
985 2395 1095 2443 Gremm
1106 2393 1291 2457 teAltioumqus
1302 2406 1345 2455 per
1354 2396 1502 2443 contemtum
1511 2396 1663 2458 ouantium,
1672 2398 1714 2460 qui
1724 2411 1765 2448 ne

166 2480 210 2539 τὸν
230 2474 297 2557 μηδέ
313 2470 451 2555 βαρόάρων
469 2472 496 2529 ἐν
516 2472 569 2537 τοῖς
587 2469 758 2553 σαφεστάτοις
778 2474 942 2554 ἀριθμεῖσθαι
985 2480 1228 2545 queinbarliaromm
1237 2480 1400 2533 diserussimls
1409 2482 1528 2531 nummati
1537 2482 1622 2545 dignm
1630 2484 1671 2534 sis
1702 2490 1765 2536 Ante

168 2568 246 2638 ἄξιον.
288 2562 348 2645 Πρὸ
366 2560 470 2619 πάντων
485 2558 512 2617 δέ
529 2561 611 2618 έκεῖνο
628 2558 747 2637 μέμνησό
761 2583 819 2638 μοι,
838 2561 875 2640 μή
896 2586 942 2641 μι-
985 2569 1065 2621 omnin
1078 2581 1137 2620 νοιο
1149 2569 1195 2620 lino
1208 2568 1268 2621 milii
1286 2573 1420 2632 memento,
1437 2582 1469 2620 no
1486 2570 1586 2621 imiteris
1602 2573 1764 2635 sophistarum

168 2656 273 2733 μεῖσθαι
286 2656 338 2710 τῶν
352 2646 437 2726 ὀλίγον
453 2644 505 2727 πρὸ
518 2650 593 2723 ήμῶν
606 2646 751 2727 γενομένων
764 2654 891 2732 σοφιστῶν
909 2648 943 2711 τά
985 2657 1027 2721 qut
1034 2658 1114 2721 paullo
1125 2660 1181 2709 anto
1191 2670 1236 2708 nos
1247 2656 1312 2707 luero
1324 2658 1441 2721 pessima,
1452 2672 1530 2722 neque
1539 2659 1702 2710 cirmmrodas
1711 2660 1765 2723 illa,

168 2739 320 2825 φαυλότατα
330 2734 397 2815 μηδὲ
408 2732 561 2815 περιεσθίειν
571 2735 657 2793 ἐκεῖνα
668 2734 819 2818 ῶσπερνῶν,
829 2736 898 2798 ἀλλά
909 2738 943 2799 τά
987 2745 1021 2795 nti
1035 2758 1099 2797 nune
1114 2744 1187 2809 ίεοίις
1198 2758 1284 2797 vuum
1295 2744 1352 2795 tulin
1368 2746 1507 2808 consulms,
1523 2747 1669 2811 exemplaris
1682 2753 1764 2798 eutem

168 2828 216 2909 μὲν
228 2833 336 2888 τοιαῦτα
346 2825 516 2893 καταπατεῖν,
529 2820 621 2893 ζηλοῦν
633 2818 661 2880 δέ
670 2819 705 2881 τά
716 2824 815 2905 ἀρχαῖα
826 2828 877 2885 τῶν
890 2850 944 2887 πα·
985 2832 1082 2897 nndqnn
1099 2833 1229 2884 aemuleris.
1260 2834 1344 2897 Nonne
1361 2832 1512 2885 demulceam
1529 2835 1696 2886 ieiunorum
1713 2837 1764 2886 ino·

168 2914 359 2999 ραδειγμάτων.
401 2910 478 2983 Μηδέ
491 2930 521 2968 σε
532 2906 693 2985 θελγέτωσαν
706 2912 734 2969 αί
748 2912 880 2989 ἀνεμῶναι
890 2918 942 2975 τῶν
985 2920 1037 2971 dori
1051 2922 1077 2971 et
1087 2918 1172 2971 cadmi
1186 2920 1275 2979 lloros,·
1288 2920 1332 2971 sod
1347 2934 1378 2972 ex
1386 2921 1438 2985 legs
1446 2922 1603 2985 athletarum,
1616 2924 1708 2973 solidus
1719 2924 1764 2975 nni

167 3005 262 3085 λόγων,
271 3000 341 3062 ἀλλά
349 2998 418 3061 κατὰ
429 2997 472 3057 τὸν
484 3000 535 3055 τῶν
548 2996 666 3067 ἀθλητῶν
677 2996 756 3077 νόμον
766 3002 783 3071 ἡ
797 2999 893 3083 στερρά
902 3025 943 3063 σοι
987 3007 1057 3058 cibus
1066 3012 1197 3059 consuetus
1208 3007 1241 3058 sit
1252 3022 1258 3057 :
1270 3008 1375 3060 maxime
1386 3020 1444 3059 νειο
1454 3010 1544 3060 Gratiis
1562 3015 1587 3060 et
1598 3011 1765 3075 Porsplmltotl

167 3089 249 3174 τροφή
264 3089 376 3163 συνήθης
387 3086 469 3159 ίστω,
484 3085 598 3163 μάλιστα
615 3081 644 3144 δέ
654 3084 745 3167 χάρισι
756 3085 801 3147 καί
816 3088 943 3173 σαφηνείφ
984 3094 1067 3158 liuto,
1079 3096 1193 3159 equibus
1203 3094 1508 3159 longissimojllmrelictus
1517 3110 1580 3150 sris.

167 3185 225 3248 ῶε,
235 3170 271 3239 ῶν
284 3176 411 3255 πάμπολυ
425 3172 484 3234 λίαν
495 3178 539 3231 νῦν
554 3172 719 3255 ἀπολέλειψο.

209 3278 255 3330 nl.
280 3264 331 3328 Καί
346 3269 360 3323 δ
379 3269 456 3347 τῦφος
476 3258 503 3321 δέ
516 3260 562 3323 καλ
575 3264 592 3335 ἡ
606 3261 773 3343 μεγαλαυχία
791 3264 837 3323 καί
856 3268 873 3335 ἡ
894 3288 943 3325 κα-
1017 3280 1054 3328 nl.
1070 3278 1160 3327 Tumor
1168 3276 1426 3339 innotueramus
1435 3276 1498 3326 male
1507 3277 1668 3339 οοιιειιειιισο,
1680 3281 1763 3341 etgra-

167 3354 273 3427 κοήθεια
293 3353 336 3415 καί
358 3350 387 3411 τὸ
407 3346 572 3432 βρενθύεσθαι
591 3347 636 3409 καί
655 3350 817 3433 λαρυγγίζειν
838 3351 944 3413 ἀπέστω
985 3362 1257 3413 riutisillnnosonorn
1265 3362 1376 3412 dictionis
1386 3363 1506 3413 elleolstlo
1515 3364 1594 3425 obsit,
1606 3369 1630 3414 el
1639 3363 1764 3416 insectatio

168 3443 213 3505 καὶ
231 3442 261 3504 τὸ
282 3439 465 3502 διασιλλαίνειν
484 3434 517 3497 τά
537 3440 590 3497 τῶν
608 3437 696 3497 ἄλλων
716 3437 761 3499 καί
782 3436 881 3500 οίισθαι
903 3440 944 3499 ότι
985 3452 1101 3513 oliorum,
1112 3452 1137 3501 et
1154 3464 1185 3501 no
1200 3454 1271 3515 potes
1287 3450 1390 3514 primum
1403 3455 1427 3501 te
1443 3451 1494 3502 lore
1509 3450 1589 3514 ἰροοιιι
1597 3486 1605 3513 ,
1623 3453 1764 3503 slomninm

167 3534 268 3614 πρῶτος
285 3529 333 3610 έσῃ
354 3525 443 3599 αὐτὸς,
457 3522 489 3596 ἢν
503 3521 537 3583 τά
550 3522 655 3584 πάντυιν
677 3532 846 3607 συκοφαντῇς.
889 3528 943 3589 Καὶ
985 3540 1074 3604 seriptis
1091 3538 1251 3589 mlumnieris.
1281 3538 1376 3589 Etenim
1393 3537 1452 3588 nlod
1468 3552 1564 3602 qnoque
1580 3553 1630 3589 non
1646 3554 1764 3605 parvum,

169 3618 220 3699 μὴν
235 3620 340 3678 κάκεῖνο
354 3614 382 3675 αθ
394 3611 497 3694 μικρδν,
511 3611 611 3689 μᾶλλον
626 3609 653 3670 δέ
665 3610 697 3671 τδ
712 3610 834 3691 μέγιστον
854 3613 943 3697 άμαρ-
985 3626 1027 3679 sed
1036 3626 1257 3691 potiusmnxiinum
1265 3636 1363 3689 ponnus,
1374 3624 1437 3689 quod
1447 3626 1584 3689 nonprius,
1593 3641 1667 3690 quam
1676 3630 1763 3692 verna,

168 3707 267 3780 τάνεις,
281 3704 320 3764 ὅτι
333 3704 362 3763 ού
376 3700 499 3783 πρότερον
516 3698 563 3768 τάς
580 3698 693 3767 διανοίας
707 3705 758 3760 τῶν
773 3702 865 3771 λέξεων
876 3727 943 3787 προ-
985 3714 1115 3766 sententias
1125 3712 1171 3765 unt
1181 3724 1318 3777 eomparao,
1329 3711 1416 3763 deindo
1430 3713 1509 3763 verbis
1525 3714 1676 3766 exormndss
1688 3716 1764 3767 nomi·

167 3789 410 3875 παρεσκευασμένος
423 3788 513 3849 ἔπειτα
529 3788 704 3865 κατακοσμεῖς
719 3791 771 3856 τοῖς
785 3788 886 3872 ῥήμασι
898 3792 944 3851 καλ
985 3802 1118 3865 nitendum
1128 3799 1361 3864 sedsiqnoverbum
1371 3804 1438 3851 exim
1447 3801 1765 3866 snsmtrilonmqunsioher·

168 3890 220 3949 τοῖς
234 3880 368 3959 ὀνόμασιν,
383 3876 451 3937 ἀλλά
464 3877 496 3949 ἥν
510 3896 560 3935 που
573 3879 644 3957 ρῇμα
655 3875 763 3958 ἔκφυλον
776 3878 851 3960 εὕρῃς
867 3877 944 3950 ῇαύ-
985 3902 1041 3940 rnns
1055 3888 1186 3951 inveneris,
1202 3892 1245 3938 sut
1260 3888 1313 3951 ipso
1328 3887 1456 3939 nonlielum
1471 3900 1487 3937 ι
1501 3889 1527 3939 ts
1543 3888 1671 3952 pulchrum
1691 3898 1764 3955 puls.

168 3970 211 4037 τδς
223 3966 390 4045 πλασάμενος
406 3968 495 4045 οἰηθῇς
507 3955 573 4023 εἶναι
590 3962 679 4037 καλὸν,
693 3963 776 4045 τούτῳ
791 3969 874 4039 ζητεῖς
887 3968 944 4029 διαί-
986 3976 1063 4039 veris,
1075 3975 1132 4026 huie
1142 3974 1225 4027 studes
1234 3979 1316 4040 optare
1327 3976 1483 4037 sententium,
1496 3980 1522 4026 el
1531 3976 1645 4027 domnum
1654 3978 1764 4042 iudicas,

169 4080 240 4117 νοιαν
260 4054 407 4138 ἐφαρμόσαι
420 4052 466 4112 καί
487 4050 581 4130 ζημίαν
603 4056 671 4131 ἡγῇ,
684 4048 714 4111 ἀν
736 4050 773 4129 μή
788 4054 944 4135 παραάύσῃς
986 4063 1076 4115 siillnd
1087 4077 1135 4115 non
1146 4063 1293 4127 aliquorsum
1302 4062 1426 4125 inleroios,
1438 4062 1575 4127 edernsiei,
1586 4066 1651 4130 qnod
1662 4065 1764 4129 dietim,

169 4144 234 4205 αάτό
251 4166 317 4217 που,
339 4140 387 4202 κάν
403 4144 441 4223 τῷ
454 4138 585 4220 λεγομένῳ
609 4138 669 4217 μηδ’
685 4138 824 4217 ἀναγκαῖον
838 4132 871 4221 ᾖ,
892 4134 944 4203 οἷον
986 4150 1223 4216 planeneoessnrium
1231 4163 1279 4199 non
1292 4148 1337 4214 sil,
1349 4150 1594 4215 ιιῑιιιιροτθυμθλωπα
1608 4153 1764 4218 illud,qnum

168 4233 259 4317 πρῴην
276 4231 320 4292 τὸν
337 4229 483 4309 θυμάλωπα
495 4226 553 4287 οὐδέ
564 4224 637 4293 εἰδὼς
648 4224 664 4285 ό
677 4249 702 4284 τι
714 4226 849 4303 σημαίνει,
863 4228 944 4312 ἀπέρ-
986 4252 1064 4303 nequo
1079 4237 1137 4302 quid
1154 4236 1296 4300 significaret
1306 4238 1394 4300 seiros,
1405 4237 1538 4301 pmjeeisil,
1549 4239 1610 4290 nihil
1623 4248 1765 4303 argumento

169 4326 245 4405 ριψας
254 4318 326 4381 οὐδέν
336 4319 437 4380 ἐοικότα
447 4321 484 4399 τῷ
495 4314 667 4397 ὑποκειμένῳ.
709 4314 796 4376 Καλοὶ
809 4318 856 4395 μέν
874 4320 943 4379 ίδιῶ·
985 4328 1137 4378 conveniens.
1169 4326 1247 4388 Atque
1257 4325 1361 4388 imperiti
1371 4325 1470 4389 quidem
1481 4328 1764 4393 omnesobstupuernnt‚

167 4433 210 4470 ται
233 4410 329 4477 πάντες
345 4406 503 4477 ἐτεθήπεσαν
525 4402 577 4464 orl
597 4408 642 4464 τοῦ
660 4402 731 4473 ξένου
751 4404 892 4484 πληγέντες
909 4408 944 4467 τδι
986 4429 1061 4479 quum
1072 4426 1145 4465 aures
1157 4414 1501 4477 illorumleriretperngrinltss
1513 4429 1520 4463 τ
1532 4415 1576 4465 sed
1586 4416 1674 4467 eruditi
1686 4422 1763 4471 utros-

167 4490 237 4557 ῶτα·
251 4499 275 4557 οἱ
293 4494 495 4573 πεπαιδευμένοι
508 4491 536 4553 δέ
549 4492 590 4552 ἐπ’
607 4492 773 4575 ἀμφοτέροις,
786 4494 831 4553 καί
845 4495 885 4555 σοί
899 4496 944 4556 καὶ
984 4516 1045 4567 que,
1054 4505 1079 4553 et
1090 4506 1113 4553 te
1124 4507 1149 4553 et
1158 4501 1292 4552 laudatores
1304 4500 1373 4564 illos,
1383 4502 1464 4552 lisere

167 4591 220 4654 τοῖς
232 4588 389 4656 ἐπαινοῦσιν,
403 4582 508 4662 ἐγέλων.

208 4682 256 4735 25.
272 4672 312 4735 Τὸ
328 4671 356 4731 δέ
371 4671 476 4731 πάντων
494 4666 751 4749 καταγελαστότατον
767 4670 850 4731 ἐκεῖνό
865 4673 944 4748 ἐστιν,
1017 4685 1059 4730 25:
1069 4678 1174 4729 nimime
1180 4682 1262 4728 εοιειο
1268 4676 1395 4727 ridiculum
1402 4676 1462 4727 illud
1469 4682 1514 4742 est,
1523 4682 1598 4742 qnod,
1605 4694 1680 4743 quum
1691 4695 1764 4747 super

167 4759 207 4820 ότι
221 4758 390 4841 ὑπεράττικος
404 4750 470 4817 εἶναι
483 4757 560 4827 ἀξιῶν
573 4756 618 4817 καί
631 4756 679 4828 τήν
693 4756 781 4839 φωνήν
800 4760 835 4826 εἰς
847 4757 878 4818 τδ
896 4760 943 4841 dp-
984 4766 1229 4818 omnesesselttims
1239 4765 1358 4829 postules,
1369 4769 1395 4815 et
1404 4765 1436 4816 sd
1446 4767 1635 4830 antiquissimam
1645 4770 1764 4821 rationem

167 4845 307 4928 χαιότατον
322 4843 540 4926 ἀπηκριόωμένος
553 4848 661 4903 τοιαῦτα
672 4843 745 4922 ἔνια,
761 4845 859 4923 μᾶλλον
872 4842 900 4905 δέ
910 4842 944 4903 τά
984 4853 1089 4917 lingnam
1102 4853 1243 4917 expulisse,
1255 4857 1335 4904 tomen
1346 4854 1404 4903 lolio
1414 4853 1538 4917 quodum,
1551 4856 1631 4919 polius
1642 4869 1700 4906 sero
1710 4858 1763 4920 plu·

167 4936 279 4995 πλεῖστα
291 4931 504 5014 ἐγκαταμιγνύεις
518 4935 571 5000 τοῖς
580 4930 678 5011 λόγοις,
693 4929 790 5010 θμηδδ
809 4934 871 4999 παῖς
884 4932 944 5015 άρτι
984 4942 1044 4991 rimo
1050 4942 1170 4991 immisces
1179 4941 1358 5004 omtionl,qnm
1364 4954 1441 5004 noque
1447 4954 1506 5004 pner
1514 4941 1587 4992 modo
1594 4940 1689 4993 disoens
1698 4943 1763 5006 igno

169 5018 305 5099 μανθάνων
328 5018 476 5099 ἀγνοήσειεν
500 5018 547 5079 ἀν·
568 5010 621 5079 οἷον
634 5018 720 5078 ἐκεῖνα
733 5020 789 5085 πῶς
808 5016 856 5077 οίει
875 5020 944 5079 κατά
984 5042 1036 5079 rare
1045 5029 1123 5091 possit
1136 5043 1142 5077 ι
1154 5031 1183 5077 ut
1194 5028 1248 5091 illa,
1260 5028 1317 5092 quid
1329 5032 1417 5092 putus?
1429 5033 1517 5079 terrem
1525 5029 1585 5079 roilli
1595 5029 1687 5080 inissem
1696 5035 1763 5094 opta·

168 5110 216 5184 γῇς
235 5108 310 5165 ῶναι
326 5105 447 5186 ηὐχόμην
469 5104 569 5166 ἀκούων
589 5126 633 5165 σου
653 5102 877 5182 ἐπιδεικνυμένου,
901 5103 942 5165 ότι
984 5116 1056 5177 διατι,
1067 5128 1141 5179 qurum
1160 5116 1266 5167 audirem
1282 5117 1320 5178 te,
1339 5116 1460 5181 specimen
1478 5116 1620 5180 eloquentiis
1633 5114 1763 5179 edenoem,

168 5189 289 5275 χιτώνιον
301 5192 348 5273 μέν
365 5193 410 5253 καί
422 5192 467 5258 τδν
482 5192 596 5275 ἀνδρεῖον
607 5190 658 5277 ᾤου
671 5190 806 5272 λέγεσθαι,
819 5190 943 5275 δουλάρια
986 5201 1093 5267 χιτώνιον
1107 5202 1179 5253 etium
1190 5201 1294 5253 virorum
1306 5199 1353 5250 diei
1364 5203 1448 5263 poure
1455 5236 1464 5263 ,
1478 5200 1586 5268 δουλάρια
1597 5205 1677 5251 sulem
1688 5200 1763 5255 enan
